1747308132,14.4,8.25395
1747308132,12.4,8.25395
1747308132,12,8.25234
1747308132,11.1,8.25234
1747308132,11.4,8.24913
1747308132,10.2,8.24754
1747308132,6.4,8.24771
1747308132,4.5,8.24771
1747308132,5.9,8.25077
1747308132,7.7,8.2507
1747308132,8.9,8.2491
1747308132,8.8,8.2491
1747308132,5.5,8.24756
1747308132,5.8,8.24756
1747308132,5.4,8.24614
1747308133,3.9,8.24923
1747308133,3.9,8.24761
1747308133,4.4,8.24761
1747308133,4.4,8.2492
1747308133,6.9,8.24918
1747308133,7.4,8.24918
1747308133,7.4,8.24918
1747308133,7.4,8.24918
1747308133,6.3,8.25072
1747308133,6.3,8.25072
1747308133,6,8.25072
1747308133,4.5,8.24761
1747308133,5.4,8.24761
1747308133,5.4,8.24761
1747308133,5.4,8.24761
1747308133,6,8.24761
1747308133,6,8.24761
1747308133,5.9,8.25224
1747308133,5,8.25224
1747308133,4,8.25224
1747308133,6.3,8.25057
1747308133,6.5,8.25212
1747308133,6.5,8.25212
1747308134,5.5,8.25221
1747308134,4.5,8.25065
1747308134,5.4,8.25065
1747308134,4.4,8.25217
1747308134,3.9,8.25217
1747308134,3.5,8.25217
1747308134,3,8.25217
1747308134,5.5,8.25062
1747308134,6.5,8.25062
1747308134,6.4,8.25062
1747308134,6,8.25062
1747308134,6.9,8.25217
1747308134,6.9,8.25217
1747308134,7.8,8.25217
1747308134,5.7,8.25525
1747308134,5.9,8.25525
1747308134,5.4,8.25525
1747308134,5.5,8.25525
1747308134,5,8.25834
1747308134,5,8.25834
1747308135,5.4,8.25368
1747308135,4.5,8.25368
1747308135,5.5,8.25368
1747308135,6.9,8.25677
1747308135,6.6,8.25677
1747308135,7,8.25677
1747308135,5.4,8.25677
1747308135,5.4,8.25523
1747308135,5,8.25523
1747308135,3.4,8.25677
1747308135,3.4,8.25677
1747308135,3.5,8.25677
1747308135,3.5,8.25677
1747308135,7.4,8.25985
1747308135,7.4,8.25985
1747308135,7.8,8.25985
1747308135,7.4,8.25985
1747308135,7.3,8.25824
1747308135,7.3,8.25824
1747308135,7,8.25824
1747308135,5,8.25674
1747308135,5.4,8.2598
1747308135,5.4,8.2598
1747308135,5,8.2598
1747308136,5.4,8.2598
1747308136,5.4,8.2598
1747308136,5.9,8.25826
1747308136,5.9,8.25826
1747308136,6.8,8.25826
1747308136,7.3,8.2566
1747308136,7.9,8.24702
1747308136,7.5,8.24541
1747308136,5.4,8.24541
1747308136,5.9,8.23958
1747308136,7.7,8.23512
1747308136,4.4,8.23664
1747308136,4.4,8.23664
1747308136,4.4,8.23664
1747308136,4.4,8.23664
1747308136,6.9,8.23818
1747308136,7.4,8.23818
1747308136,7.4,8.23818
1747308136,6.4,8.23818
1747308136,7.3,8.24281
1747308136,7.3,8.24281
1747308136,6,8.24281
1747308137,5.8,8.24281
1747308137,5.4,8.24281
1747308137,5.4,8.24281
1747308137,5.5,8.24281
1747308137,5.4,8.24587
1747308137,5.5,8.24587
1747308137,4.5,8.2505
1747308137,4.5,8.2505
1747308137,4,8.2505
1747308137,5,8.25204
1747308137,6.1,8.25204
1747308137,6.5,8.24884
1747308137,5,8.24884
1747308137,5.9,8.24742
1747308137,5.9,8.2505
1747308137,3.9,8.2505
1747308137,3.9,8.25204
1747308137,4.4,8.25204
1747308137,4.4,8.25204
1747308138,6,8.25048
1747308138,5.5,8.25048
1747308138,5.5,8.25048
1747308138,5.5,8.25048
1747308138,5.8,8.25356
1747308138,5.8,8.25356
1747308138,5.5,8.25194
1747308138,5.4,8.25199
1747308138,5.9,8.25199
1747308138,5.9,8.25038
1747308138,5.9,8.25038
1747308138,5.4,8.24876
1747308138,5.4,8.24876
1747308138,5.5,8.24582
1747308138,5.4,8.24888
1747308138,5.5,8.24888
1747308138,6.4,8.24888
1747308138,6.6,8.24888
1747308138,6.1,8.24888
1747308138,4,8.24888
1747308138,4.4,8.24734
1747308138,5.9,8.25197
1747308138,3.9,8.24888
1747308139,3.5,8.25194
1747308139,4.4,8.25033
1747308139,3.5,8.25033
1747308139,6.9,8.25182
1747308139,6.4,8.25182
1747308139,6.4,8.25182
1747308139,5.5,8.25182
1747308139,6.2,8.25337
1747308139,6.2,8.25337
1747308139,6,8.25337
1747308139,4.4,8.25182
1747308139,4.5,8.25182
1747308139,4.5,8.25182
1747308139,4.9,8.24225
1747308139,5.5,8.24247
1747308139,5.5,8.24247
1747308139,4.5,8.24242
1747308139,4.5,8.24242
1747308139,5,8.24242
1747308139,7.4,8.24088
1747308139,7.1,8.24088
1747308139,7.7,8.24088
1747308139,4.5,8.2377
1747308139,4.9,8.23924
1747308140,6.4,8.23943
1747308140,3.5,8.23789
1747308140,4.4,8.23635
1747308140,4.4,8.23635
1747308140,4.4,8.23635
1747308140,6.4,8.23468
1747308140,6.4,8.23468
1747308140,6.5,8.23468
1747308140,6.9,8.23468
1747308140,7.2,8.2316
1747308140,7.2,8.23321
1747308140,6.5,8.23001
1747308140,4.4,8.23473
1747308140,5,8.23473
1747308140,5,8.23473
1747308140,5.5,8.23473
1747308140,5.9,8.23312
1747308140,5.9,8.23312
1747308140,4,8.2301
1747308140,4,8.2301
1747308140,4,8.2301
1747308141,6,8.2301
1747308141,6.6,8.2301
1747308141,6.5,8.2301
1747308141,5,8.2301
1747308141,4.9,8.23003
1747308141,5.9,8.22702
1747308141,4.9,8.22854
1747308141,5.7,8.22854
1747308141,5.7,8.22854
1747308141,5.7,8.22854
1747308141,8.7,8.227
1747308141,6.5,8.227
1747308141,6.8,8.227
1747308141,6.9,8.227
1747308141,6.3,8.227
1747308141,6.3,8.227
1747308141,6.3,8.227
1747308141,5,8.23157
1747308141,5.9,8.23157
1747308141,5.9,8.23157
1747308141,4.5,8.23157
1747308141,5,8.23157
1747308141,5,8.23157
1747308142,5.9,8.23309
1747308142,5.9,8.23309
1747308142,5,8.23309
1747308142,7.4,8.23307
1747308142,8.8,8.23307
1747308142,7.4,8.23307
1747308142,5,8.23307
1747308142,5.4,8.23307
1747308142,4.5,8.23307
1747308142,4.4,8.23307
1747308142,3,8.23307
1747308142,3,8.23307
1747308142,4.4,8.22986
1747308142,8.3,8.22996
1747308142,7.4,8.22996
1747308142,6,8.22996
1747308142,6.4,8.22996
1747308142,6.8,8.23302
1747308142,6.8,8.23302
1747308142,6.8,8.23302
1747308143,5.4,8.23456
1747308143,4.5,8.23456
1747308143,5,8.23456
1747308143,5,8.23456
1747308143,5.9,8.23456
1747308143,5.9,8.23456
1747308143,5,8.23765
1747308143,5.4,8.23765
1747308143,5.4,8.23765
1747308143,7.2,8.23765
1747308143,8.5,8.23765
1747308143,8,8.23603
1747308143,5.9,8.23603
1747308143,6.2,8.23302
1747308143,6.3,8.2361
1747308143,4.4,8.2361
1747308143,5.3,8.2361
1747308143,5.3,8.2361
1747308143,5.3,8.2361
1747308143,7.9,8.23456
1747308143,7,8.23456
1747308143,6.9,8.23456
1747308143,5.8,8.23456
1747308144,6.9,8.2361
1747308144,6.9,8.2361
1747308144,6.9,8.2361
1747308144,6.4,8.23914
1747308144,4.5,8.23914
1747308144,4.5,8.23914
1747308144,4.5,8.23914
1747308144,4.5,8.23914
1747308144,4.5,8.23914
1747308144,5,8.23914
1747308144,5,8.23914
1747308144,5,8.23914
1747308144,7.8,8.24068
1747308144,7.9,8.23747
1747308144,8,8.23912
1747308144,4.5,8.2375
1747308144,4,8.23449
1747308144,5.5,8.23449
1747308144,5.3,8.23292
1747308144,4,8.2313
1747308144,4,8.2313
1747308144,3.5,8.2313
1747308145,7.8,8.22984
1747308145,6.9,8.22984
1747308145,6.9,8.22984
1747308145,7.4,8.22984
1747308145,7.4,8.22646
1747308145,7.4,8.22646
1747308145,7.4,8.22646
1747308145,7.4,8.22822
1747308145,7.4,8.22822
1747308145,7.4,8.22822
1747308145,8.2,8.2266
1747308145,5,8.2234
1747308145,5.4,8.2234
1747308145,4,8.22511
1747308145,4,8.22511
1747308145,4,8.22511
1747308145,7.2,8.23126
1747308145,7.4,8.23126
1747308145,6.9,8.23126
1747308145,5.9,8.23126
1747308145,5.9,8.2328
1747308145,6.4,8.22971
1747308146,4.4,8.23277
1747308146,4.4,8.23277
1747308146,4.9,8.23586
1747308146,5.3,8.23586
1747308146,6.4,8.23586
1747308146,6.4,8.23586
1747308146,8.1,8.23586
1747308146,5.4,8.23586
1747308146,8.8,8.23738
1747308146,8.7,8.23738
1747308146,8.8,8.23738
1747308146,6.9,8.2435
1747308146,6.8,8.2435
1747308146,6.8,8.2435
1747308146,6.8,8.2435
1747308146,8.2,8.2435
1747308146,6.4,8.2435
1747308146,6.3,8.2435
1747308146,6.3,8.2435
1747308146,6.3,8.2435
1747308146,8.8,8.24497
1747308146,8.9,8.24497
1747308146,7.4,8.24176
1747308147,4.5,8.24176
1747308147,5.4,8.23887
1747308147,6.4,8.23725
1747308147,3.9,8.23579
1747308147,4.4,8.23885
1747308147,3.9,8.23885
1747308147,3.9,8.23885
1747308147,8.3,8.24805
1747308147,8.3,8.24805
1747308147,8.3,8.24805
1747308147,7.4,8.24805
1747308147,10.9,8.24805
1747308147,10.8,8.24805
1747308147,10.9,8.24805
1747308147,7.3,8.24795
1747308147,7.3,8.24795
1747308147,7.3,8.24795
1747308147,7.4,8.24795
1747308147,4.5,8.24634
1747308147,4.5,8.24634
1747308148,4.5,8.24494
1747308148,4.5,8.24494
1747308148,4.5,8.24494
1747308148,8.3,8.23383
1747308148,8.3,8.23383
1747308148,6.5,8.23383
1747308148,5.9,8.23383
1747308148,5.9,8.23258
1747308148,7.7,8.23255
1747308148,4.8,8.2341
1747308148,4.4,8.2341
1747308148,4.4,8.2341
1747308148,4.4,8.2341
1747308148,9.2,8.2387
1747308148,9.2,8.2387
1747308148,9.2,8.2387
1747308148,8.3,8.2387
1747308148,11.3,8.23549
1747308148,11.3,8.23549
1747308148,11.3,8.23549
1747308148,7.7,8.23713
1747308148,7.7,8.23713
1747308148,7.7,8.23713
1747308148,9.4,8.23559
1747308149,8.2,8.23559
1747308149,8.2,8.23559
1747308149,6.8,8.23713
1747308149,6.3,8.24022
1747308149,7.7,8.24022
1747308149,8.8,8.24176
1747308149,8.8,8.24176
1747308149,7.4,8.24176
1747308149,5.4,8.24176
1747308149,5.4,8.24022
1747308149,5.9,8.24022
1747308149,4,8.24176
1747308149,3,8.24176
1747308149,3,8.24176
1747308149,4,8.24176
1747308149,6,8.23867
1747308149,6.9,8.23867
1747308149,6.9,8.23867
1747308149,5.9,8.23867
1747308150,8.7,8.23867
1747308150,8.3,8.23867
1747308150,9.5,8.23867
1747308150,8.7,8.23542
1747308150,8.7,8.23542
1747308150,8.3,8.23547
1747308150,8.3,8.23547
1747308150,7.4,8.23547
1747308150,8.3,8.23547
1747308150,6,8.22932
1747308150,5.9,8.22932
1747308150,5.9,8.22932
1747308150,6.9,8.23067
1747308150,6.9,8.23067
1747308150,7.4,8.22278
1747308150,4.5,8.22278
1747308150,4.4,8.22156
1747308150,6.8,8.21847
1747308150,4.9,8.22002
1747308150,4.9,8.22002
1747308150,4.9,8.2231
1747308150,4.9,8.2231
1747308151,7.8,8.22927
1747308151,7.8,8.22927
1747308151,9.1,8.22927
1747308151,6.9,8.22927
1747308151,7.4,8.23081
1747308151,7.3,8.23081
1747308151,10.9,8.2339
1747308151,9.2,8.23845
1747308151,8.3,8.23845
1747308151,9.7,8.23845
1747308151,8.3,8.23845
1747308151,9.1,8.23845
1747308151,10.3,8.23845
1747308151,8.3,8.23845
1747308151,8.7,8.23845
1747308151,8.7,8.23845
1747308151,7,8.23537
1747308151,6.1,8.23537
1747308151,7,8.23537
1747308151,4.5,8.23537
1747308151,4,8.23537
1747308151,5,8.23228
1747308152,4.4,8.23383
1747308152,3,8.23537
1747308152,4.9,8.23537
1747308152,5.8,8.23537
1747308152,9,8.23062
1747308152,9,8.23062
1747308152,7.3,8.23062
1747308152,7.8,8.23368
1747308152,8.3,8.23069
1747308152,8.2,8.23069
1747308152,10.4,8.23069
1747308152,7.9,8.24142
1747308152,7.9,8.24142
1747308152,9.3,8.24142
1747308152,7.9,8.2398
1747308152,7.9,8.24289
1747308152,8.7,8.24129
1747308152,9.7,8.23987
1747308152,8.3,8.23987
1747308152,7,8.23987
1747308152,7,8.24445
1747308152,7,8.24445
1747308152,7.9,8.246
1747308152,5,8.24279
1747308153,4.9,8.24137
1747308153,5.5,8.24137
1747308153,3.9,8.24291
1747308153,6.8,8.24291
1747308153,6.8,8.24291
1747308153,7.1,8.24291
1747308153,6.8,8.24291
1747308153,6.8,8.24291
1747308153,6.8,8.24291
1747308153,6.3,8.24291
1747308153,7.3,8.2444
1747308153,8.3,8.2444
1747308153,9.2,8.24749
1747308153,8.3,8.24903
1747308153,8.3,8.24903
1747308153,8.3,8.25212
1747308153,8.3,8.25212
1747308153,7.9,8.24729
1747308153,7.9,8.25035
1747308153,10,8.25043
1747308153,10.1,8.25043
1747308153,10.1,8.25043
1747308154,7.4,8.25363
1747308154,7.4,8.25363
1747308154,7.4,8.25363
1747308154,6,8.25202
1747308154,5.4,8.24901
1747308154,5.9,8.24901
1747308154,4.9,8.24898
1747308154,3.5,8.24898
1747308154,4.4,8.24737
1747308154,5.8,8.24737
1747308154,6.8,8.24884
1747308154,6.8,8.24884
1747308154,7.2,8.24884
1747308154,5.4,8.24724
1747308154,6.4,8.24433
1747308154,5.9,8.24433
1747308154,6.9,8.24742
1747308154,6.9,8.25197
1747308154,6.9,8.25505
1747308154,6,8.25505
1747308154,8.3,8.25505
1747308154,7.9,8.25505
1747308154,7.8,8.25505
1747308155,10,8.25655
1747308155,7.4,8.25655
1747308155,7.4,8.25655
1747308155,7,8.24881
1747308155,7,8.24881
1747308155,7,8.24881
1747308155,6,8.24881
1747308155,4.9,8.24881
1747308155,5.4,8.24881
1747308155,4.3,8.25344
1747308155,4.4,8.25344
1747308155,4.4,8.25344
1747308155,5.3,8.25344
1747308155,9,8.25652
1747308155,8.2,8.25652
1747308155,8.1,8.25652
1747308155,7.4,8.25652
1747308155,7.8,8.2519
1747308155,7.8,8.25652
1747308155,8.3,8.2519
1747308156,8.5,8.2519
1747308156,9.3,8.25498
1747308156,8.9,8.25498
1747308156,9.8,8.25498
1747308156,9.3,8.25498
1747308156,11.1,8.25498
1747308156,10.7,8.25344
1747308156,10.3,8.25344
1747308156,10.3,8.25344
1747308156,8.7,8.2519
1747308156,8.7,8.2519
1747308156,8.7,8.2519
1747308156,7.8,8.2519
1747308156,6.7,8.25035
1747308156,7.4,8.2519
1747308156,4.3,8.24727
1747308156,4.4,8.24565
1747308156,4.8,8.24406
1747308156,4.8,8.24406
1747308156,6.8,8.24416
1747308156,6.8,8.24416
1747308156,6.8,8.24416
1747308156,5,8.24416
1747308157,10,8.24722
1747308157,10,8.2456
1747308157,10,8.24722
1747308157,10.3,8.24565
1747308157,10.3,8.24565
1747308157,10.3,8.24565
1747308157,10.2,8.24565
1747308157,10.2,8.24565
1747308157,10.3,8.24565
1747308157,12.4,8.24871
1747308157,11.3,8.23912
1747308157,11.2,8.24098
1747308157,8.4,8.24098
1747308157,8.3,8.24098
1747308157,8.3,8.24098
1747308157,8.2,8.24098
1747308157,6.3,8.23777
1747308157,7.4,8.23618
1747308157,4.4,8.23481
1747308157,4.4,8.23471
1747308157,4.4,8.23471
1747308157,4.4,8.23471
1747308158,5.9,8.23473
1747308158,4.5,8.23473
1747308158,7.2,8.23473
1747308158,5.9,8.23473
1747308158,8.6,8.23319
1747308158,7.4,8.23319
1747308158,9.9,8.23627
1747308158,12.1,8.23931
1747308158,12.1,8.23931
1747308158,10.3,8.23931
1747308158,8.5,8.23931
1747308158,8.5,8.23931
1747308158,12,8.23931
1747308158,11.3,8.2424
1747308158,10.7,8.23312
1747308158,11.6,8.2362
1747308158,7.5,8.2362
1747308158,7.5,8.2362
1747308158,7.5,8.2362
1747308158,6,8.2362
1747308158,5.3,8.2362
1747308158,5.9,8.2362
1747308159,5.4,8.2362
1747308159,3,8.2362
1747308159,3,8.2362
1747308159,3,8.2362
1747308159,4.8,8.23312
1747308159,3.4,8.23312
1747308159,4.8,8.23312
1747308159,3.4,8.23312
1747308159,6.9,8.23309
1747308159,8.6,8.23309
1747308159,7.8,8.23148
1747308159,12,8.23304
1747308159,10.3,8.23304
1747308159,12,8.23304
1747308159,10.2,8.23304
1747308159,10.2,8.23304
1747308159,8.8,8.23304
1747308159,11.4,8.23304
1747308159,10.9,8.23304
1747308159,9.3,8.23459
1747308160,8.7,8.23767
1747308160,8.7,8.23767
1747308160,8.7,8.23767
1747308160,9.3,8.23767
1747308160,6.7,8.23767
1747308160,7.2,8.23767
1747308160,4.8,8.2423
1747308160,4.8,8.2423
1747308160,4.8,8.24068
1747308160,4.4,8.24068
1747308160,4.4,8.23919
1747308160,4.3,8.23919
1747308160,4.4,8.23919
1747308160,4.4,8.23919
1747308160,6.8,8.24066
1747308160,6.8,8.24066
1747308160,5.9,8.23904
1747308160,10.8,8.2361
1747308160,10.8,8.2361
1747308160,12,8.2361
1747308160,10.3,8.2361
1747308160,11.1,8.2361
1747308160,9.2,8.23762
1747308161,10.5,8.24066
1747308161,10.4,8.24066
1747308161,8.5,8.24374
1747308161,6.6,8.2422
1747308161,6.6,8.2422
1747308161,6.6,8.2422
1747308161,6,8.2422
1747308161,4.5,8.24374
1747308161,5.1,8.24374
1747308161,4.4,8.24066
1747308161,3.9,8.24066
1747308161,3.9,8.24066
1747308161,3.9,8.24066
1747308161,4.4,8.23743
1747308161,3.4,8.23743
1747308161,4.3,8.23743
1747308161,4.3,8.23743
1747308161,5,8.23598
1747308161,5.9,8.23598
1747308161,7.7,8.23598
1747308162,9.8,8.23904
1747308162,11.1,8.23904
1747308162,9.8,8.23904
1747308162,9.8,8.23904
1747308162,9.8,8.23904
1747308162,8.7,8.23743
1747308162,12.3,8.24058
1747308162,13.1,8.24058
1747308162,8.9,8.24058
1747308162,8.8,8.2375
1747308162,8.8,8.2375
1747308162,9.6,8.23588
1747308162,8.5,8.23429
1747308162,6.2,8.23593
1747308162,6.8,8.23432
1747308162,4.9,8.23747
1747308162,4.4,8.23902
1747308162,4.4,8.23902
1747308162,4.4,8.23902
1747308162,6.2,8.24051
1747308162,6.2,8.24051
1747308162,6.2,8.24051
1747308162,5.3,8.24051
1747308163,9,8.24203
1747308163,7.3,8.24203
1747308163,9.1,8.24203
1747308163,9.9,8.2482
1747308163,9.9,8.2482
1747308163,8,8.25128
1747308163,11.1,8.25128
1747308163,10.2,8.25128
1747308163,7.1,8.25128
1747308163,11.2,8.24641
1747308163,11.3,8.24641
1747308163,10,8.24641
1747308163,8.3,8.24509
1747308163,8.4,8.24509
1747308163,8.3,8.24509
1747308163,8,8.24509
1747308163,5.4,8.24355
1747308163,5.9,8.23395
1747308163,5.2,8.23121
1747308163,4.4,8.228
1747308163,4.4,8.228
1747308163,4.4,8.228
1747308164,4.8,8.22966
1747308164,3.9,8.22966
1747308164,4.8,8.22966
1747308164,5.3,8.22966
1747308164,9,8.23427
1747308164,9,8.23427
1747308164,6.9,8.23427
1747308164,9.9,8.23579
1747308164,11.2,8.23579
1747308164,11.2,8.23579
1747308164,9.9,8.23579
1747308164,9.9,8.23579
1747308164,8.9,8.23579
1747308164,10.6,8.23564
1747308164,10.6,8.23564
1747308164,9.2,8.23564
1747308164,8,8.23576
1747308164,8,8.23576
1747308164,8,8.23576
1747308164,7.2,8.23576
1747308164,5.3,8.2373
1747308164,5.9,8.2373
1747308165,4.8,8.23576
1747308165,4.3,8.23576
1747308165,4.3,8.23576
1747308165,4.8,8.23576
1747308165,4.4,8.23422
1747308165,4.3,8.23422
1747308165,4.3,8.23422
1747308165,4.4,8.23422
1747308165,5.4,8.2373
1747308165,5.4,8.2373
1747308165,8.3,8.24036
1747308165,10.8,8.24342
1747308165,9.5,8.24342
1747308165,9.5,8.24342
1747308165,8.1,8.24342
1747308165,9.5,8.24342
1747308165,9.3,8.23569
1747308165,10.9,8.23877
1747308165,11.4,8.23877
1747308165,7,8.23877
1747308165,8.4,8.24031
1747308165,8.4,8.24031
1747308165,8.3,8.24031
1747308165,8.9,8.24031
1747308166,6.2,8.23877
1747308166,6.8,8.23877
1747308166,4.4,8.24648
1747308166,4.4,8.24648
1747308166,4.4,8.24648
1747308166,4.4,8.24648
1747308166,4.8,8.24648
1747308166,4.8,8.24648
1747308166,4.8,8.24648
1747308166,4.8,8.24648
1747308166,7.7,8.248
1747308166,8.3,8.248
1747308166,9.6,8.248
1747308166,8.6,8.248
1747308166,10.3,8.248
1747308166,11.6,8.248
1747308166,9.9,8.248
1747308166,11.6,8.248
1747308166,10.7,8.248
1747308166,12.2,8.25106
1747308166,12.6,8.25106
1747308166,8.9,8.25106
1747308167,9.3,8.25106
1747308167,9.3,8.25106
1747308167,9.3,8.25106
1747308167,8.7,8.25106
1747308167,6.7,8.25106
1747308167,6.9,8.25106
1747308167,4.4,8.24952
1747308167,3.4,8.24952
1747308167,3.4,8.24952
1747308167,3.4,8.24952
1747308167,3.9,8.24952
1747308167,3.9,8.24952
1747308167,3.9,8.24952
1747308167,4.8,8.24952
1747308167,6.9,8.24798
1747308167,8.1,8.24798
1747308167,9.1,8.24798
1747308167,10.4,8.25412
1747308167,10.4,8.25412
1747308167,10.4,8.25412
1747308167,10.3,8.25412
1747308167,11.2,8.25412
1747308168,9.9,8.25412
1747308168,12.3,8.25412
1747308168,11.9,8.25412
1747308168,8.4,8.25412
1747308168,7.9,8.25567
1747308168,7.8,8.25875
1747308168,7.8,8.25875
1747308168,8,8.25875
1747308168,5.9,8.25875
1747308168,6.3,8.24913
1747308168,4.9,8.24795
1747308168,4.4,8.24795
1747308168,4.4,8.24795
1747308168,4.4,8.24795
1747308168,3.9,8.24793
1747308168,3.9,8.24793
1747308168,3.9,8.24793
1747308168,3.9,8.24793
1747308169,7.7,8.24484
1747308169,7.7,8.24484
1747308169,7.7,8.24484
1747308169,11.6,8.25099
1747308169,11.6,8.25099
1747308169,11.6,8.25408
1747308169,10.7,8.25246
1747308169,11.7,8.25246
1747308169,12.9,8.25246
1747308169,12.2,8.25405
1747308169,12.2,8.25405
1747308169,10.8,8.25405
1747308169,8.8,8.2493
1747308169,8.9,8.2493
1747308169,8.8,8.2493
1747308169,10.3,8.24771
1747308169,5.8,8.2448
1747308169,6.4,8.24159
1747308169,3.4,8.24017
1747308169,3.9,8.23855
1747308169,3.9,8.23855
1747308169,3.5,8.23855
1747308170,4.4,8.23708
1747308170,4.4,8.23708
1747308170,4.4,8.23708
1747308170,4.4,8.23708
1747308170,6.8,8.24009
1747308170,6.7,8.24009
1747308170,7.8,8.24009
1747308170,11.7,8.24624
1747308170,10.8,8.24624
1747308170,10.8,8.24462
1747308170,12.9,8.24462
1747308170,12.9,8.24462
1747308170,12.9,8.24303
1747308170,11.4,8.24308
1747308170,11.4,8.24308
1747308170,11.8,8.24306
1747308170,8.5,8.24467
1747308170,8.4,8.24467
1747308170,8.5,8.24467
1747308170,8.5,8.24467
1747308170,5.8,8.24005
1747308170,5.5,8.24005
1747308170,4.9,8.2385
1747308171,3,8.2385
1747308171,3,8.2385
1747308171,3,8.23689
1747308171,3.9,8.23385
1747308171,3.5,8.23385
1747308171,3.9,8.23385
1747308171,3.9,8.23385
1747308171,6.3,8.23231
1747308171,8.1,8.23231
1747308171,8.1,8.23231
1747308171,9.5,8.23525
1747308171,9.5,8.23525
1747308171,11.3,8.23525
1747308171,11.3,8.23525
1747308171,9.5,8.23525
1747308171,10.8,8.23525
1747308171,11.4,8.23995
1747308171,11.4,8.23995
1747308171,10.4,8.23995
1747308171,7.5,8.23831
1747308171,7.9,8.23831
1747308171,7.8,8.23831
1747308171,8.3,8.23831
1747308171,5.8,8.2353
1747308172,6.4,8.23221
1747308172,4.8,8.22913
1747308172,3.5,8.22592
1747308172,3.5,8.22592
1747308172,3.5,8.22592
1747308172,3.9,8.22602
1747308172,3.9,8.22602
1747308172,3.9,8.22602
1747308172,3.9,8.22602
1747308172,4.9,8.22756
1747308172,5.9,8.22756
1747308172,6.2,8.22756
1747308172,11.2,8.23667
1747308172,11.2,8.23667
1747308172,11.2,8.23667
1747308172,11.2,8.23973
1747308172,9.4,8.23814
1747308172,8.9,8.23814
1747308172,12.4,8.23672
1747308172,12.4,8.23672
1747308172,12.3,8.23672
1747308173,7.9,8.23672
1747308173,7.9,8.23672
1747308173,7.9,8.23672
1747308173,7.9,8.23672
1747308173,4.9,8.23508
1747308173,4.5,8.23669
1747308173,4.8,8.23515
1747308173,3.4,8.23515
1747308173,3,8.23515
1747308173,3.4,8.23515
1747308173,4.3,8.23052
1747308173,4.3,8.23052
1747308173,4.3,8.23052
1747308173,4.3,8.23052
1747308173,5.3,8.23052
1747308173,6.2,8.23052
1747308173,5.3,8.23052
1747308173,10,8.23669
1747308173,11.2,8.23669
1747308173,11.2,8.23669
1747308173,11.3,8.23669
1747308173,9.4,8.23508
1747308173,8,8.23659
1747308174,10.2,8.23968
1747308174,10.1,8.23968
1747308174,10.9,8.23806
1747308174,8.9,8.23652
1747308174,8.9,8.23652
1747308174,9.7,8.2349
1747308174,9.7,8.2349
1747308174,5.8,8.23348
1747308174,5.8,8.23348
1747308174,4.8,8.22577
1747308174,4.4,8.22577
1747308174,3.5,8.22577
1747308174,4.4,8.22577
1747308174,3.9,8.22572
1747308174,3.9,8.22572
1747308174,3.9,8.22572
1747308174,3.9,8.22572
1747308174,4.4,8.23187
1747308174,6.7,8.23187
1747308174,4.4,8.22878
1747308175,9.1,8.23329
1747308175,9.1,8.23329
1747308175,9,8.23329
1747308175,10,8.23167
1747308175,7.7,8.23167
1747308175,8.5,8.23476
1747308175,11,8.23028
1747308175,10.9,8.23028
1747308175,11.1,8.23028
1747308175,9.7,8.23334
1747308175,9.7,8.23334
1747308175,8,8.23334
1747308175,8,8.23334
1747308175,6.3,8.23179
1747308175,6.3,8.23179
1747308175,5.4,8.23025
1747308175,3.5,8.23025
1747308175,3.5,8.23025
1747308175,3.5,8.23025
1747308175,4.8,8.23177
1747308175,4.8,8.23177
1747308175,4.8,8.23177
1747308175,4.8,8.23177
1747308176,7.2,8.23023
1747308176,7.2,8.23023
1747308176,7.2,8.23023
1747308176,10.9,8.24409
1747308176,10.8,8.24409
1747308176,10.9,8.24247
1747308176,10.8,8.24247
1747308176,11.6,8.23767
1747308176,9.5,8.23767
1747308176,12.4,8.24707
1747308176,12.4,8.24707
1747308176,12.1,8.24707
1747308176,7.9,8.24859
1747308176,7.9,8.24859
1747308176,7.9,8.24859
1747308176,7.8,8.24859
1747308176,7.3,8.24394
1747308176,7.3,8.24394
1747308176,6.7,8.24857
1747308176,5.4,8.24857
1747308176,6.3,8.24857
1747308176,6.3,8.24857
1747308177,4.3,8.24702
1747308177,4.3,8.24702
1747308177,4.3,8.24702
1747308177,4.3,8.24702
1747308177,6.3,8.24548
1747308177,6.3,8.24548
1747308177,8.1,8.24857
1747308177,11.8,8.25163
1747308177,13.4,8.25163
1747308177,11.8,8.25163
1747308177,11.7,8.25163
1747308177,11.8,8.25163
1747308177,11.7,8.25163
1747308177,11.5,8.25314
1747308177,11.8,8.25314
1747308177,11.5,8.25314
1747308177,8.8,8.25314
1747308177,8.8,8.25314
1747308177,8.8,8.25314
1747308177,8.8,8.25314
1747308177,8.3,8.25466
1747308177,8.3,8.25466
1747308178,6.7,8.25158
1747308178,5.3,8.24996
1747308178,5.3,8.24996
1747308178,5.8,8.24996
1747308178,4.8,8.2423
1747308178,4.8,8.2423
1747308178,4.8,8.2423
1747308178,4.8,8.2423
1747308178,5.9,8.23921
1747308178,5.8,8.23921
1747308178,7.2,8.23921
1747308178,10.9,8.25613
1747308178,10.9,8.25613
1747308178,10.8,8.25613
1747308178,9.5,8.25613
1747308178,10.8,8.25613
1747308178,9.5,8.25613
1747308178,11.4,8.25922
1747308178,11.4,8.25922
1747308178,11.4,8.25922
1747308178,8.4,8.25922
1747308178,8.8,8.25922
1747308178,8.8,8.25922
1747308178,8.4,8.25922
1747308179,7.8,8.25302
1747308179,7.8,8.25302
1747308179,4.5,8.25292
1747308179,5.9,8.25292
1747308179,4.5,8.25292
1747308179,4.5,8.25292
1747308179,3.9,8.2468
1747308179,3.9,8.2468
1747308179,3.9,8.2468
1747308179,3.9,8.2468
1747308179,8.1,8.24835
1747308179,8.1,8.24835
1747308179,7.3,8.24835
1747308179,13,8.25452
1747308179,11.3,8.25452
1747308179,11.3,8.25452
1747308179,11.2,8.25452
1747308179,10.3,8.25452
1747308179,12.8,8.25452
1747308180,13.2,8.25755
1747308180,13.3,8.25755
1747308180,13.3,8.25755
1747308180,8.4,8.25447
1747308180,8.4,8.25447
1747308180,8.4,8.25447
1747308180,8.3,8.25447
1747308180,8.7,8.25292
1747308180,9.1,8.25292
1747308180,5.8,8.25138
1747308180,6.7,8.25138
1747308180,5.8,8.25138
1747308180,6.7,8.25138
1747308180,4.3,8.2529
1747308180,4.3,8.2529
1747308180,4.3,8.2529
1747308180,4.3,8.2529
1747308180,6.3,8.25136
1747308180,6.3,8.25136
1747308180,6.3,8.25136
1747308181,9,8.25444
1747308181,10.8,8.25444
1747308181,10.8,8.25444
1747308181,10.8,8.25444
1747308181,8.5,8.25444
1747308181,10.3,8.25444
1747308181,13.2,8.2529
1747308181,13.2,8.2529
1747308181,13.2,8.2529
1747308181,9.2,8.25442
1747308181,9.3,8.25442
1747308181,10,8.25442
1747308181,9.2,8.25442
1747308181,8.3,8.25131
1747308181,8,8.25131
1747308181,5.8,8.24658
1747308181,5.8,8.24661
1747308181,5.8,8.24661
1747308181,5.8,8.24661
1747308181,4.8,8.24352
1747308181,4.8,8.24352
1747308181,4.8,8.24352
1747308181,4.8,8.24352
1747308182,6.2,8.24511
1747308182,6.3,8.24511
1747308182,6.3,8.24511
1747308182,11.7,8.24663
1747308182,13.8,8.24663
1747308182,13.8,8.24663
1747308182,11.7,8.24663
1747308182,10.4,8.24663
1747308182,12.6,8.24663
1747308182,14.1,8.248
1747308182,14,8.248
1747308182,14.1,8.248
1747308182,8.8,8.24494
1747308182,8.8,8.24494
1747308182,8.8,8.24494
1747308182,8.8,8.24494
1747308182,10.5,8.24347
1747308182,10.1,8.24347
1747308182,5.3,8.24502
1747308182,5.3,8.24502
1747308182,5.4,8.24502
1747308182,4.5,8.24502
1747308183,4.8,8.24347
1747308183,4.8,8.24193
1747308183,4.8,8.24347
1747308183,4.8,8.24193
1747308183,6.8,8.24036
1747308183,8.1,8.24345
1747308183,8.1,8.24345
1747308183,13,8.24653
1747308183,10.8,8.24653
1747308183,13,8.24653
1747308183,13,8.24653
1747308183,10.8,8.24653
1747308183,10.7,8.24653
1747308183,12.3,8.24653
1747308183,12.3,8.24653
1747308183,12.3,8.24653
1747308183,7.4,8.25116
1747308183,7.4,8.25116
1747308183,7.4,8.25116
1747308183,7.4,8.25116
1747308183,8.7,8.24636
1747308183,8.7,8.24636
1747308184,6.7,8.24653
1747308184,6.7,8.24653
1747308184,6.7,8.24653
1747308184,6.7,8.24653
1747308184,3.9,8.24651
1747308184,3.9,8.24651
1747308184,3.9,8.24651
1747308184,3.9,8.24651
1747308184,6.7,8.24497
1747308184,6.7,8.24497
1747308184,7.3,8.24497
1747308184,11.8,8.26181
1747308184,11.8,8.26181
1747308184,11.7,8.26181
1747308184,13.3,8.26181
1747308184,14,8.26181
1747308184,10.7,8.2602
1747308184,11.1,8.26179
1747308184,11.1,8.26179
1747308184,11.1,8.26179
1747308184,9.2,8.26017
1747308184,9.2,8.26017
1747308184,8.3,8.26017
1747308184,8.3,8.26017
1747308185,7.4,8.26022
1747308185,7,8.26022
1747308185,4.9,8.2554
1747308185,4.9,8.2554
1747308185,4.9,8.2554
1747308185,4.9,8.2554
1747308185,3.4,8.25405
1747308185,3.4,8.25405
1747308185,3,8.25405
1747308185,3.4,8.25405
1747308185,7.6,8.25248
1747308185,7.7,8.25248
1747308185,7.6,8.25248
1747308185,10.9,8.25557
1747308185,12.1,8.25557
1747308185,10.3,8.25557
1747308185,11.2,8.25557
1747308185,9.4,8.25557
1747308185,9,8.25557
1747308185,11.9,8.25699
1747308185,12.3,8.25699
1747308185,12.3,8.25699
1747308186,8.4,8.25554
1747308186,8.4,8.25554
1747308186,8.4,8.25554
1747308186,8.4,8.25554
1747308186,8.2,8.25234
1747308186,8.2,8.25234
1747308186,6.2,8.2493
1747308186,6.2,8.2493
1747308186,5.3,8.2493
1747308186,6.2,8.24771
1747308186,3.9,8.2432
1747308186,3.9,8.2432
1747308186,3.9,8.2432
1747308186,3.9,8.2432
1747308186,5.8,8.24475
1747308186,5.9,8.24475
1747308186,5.9,8.24475
1747308186,12.5,8.25084
1747308186,12.5,8.25084
1747308186,12.5,8.25084
1747308186,10.3,8.25084
1747308186,12,8.24923
1747308186,10.7,8.24923
1747308187,14.1,8.25084
1747308187,13.4,8.25084
1747308187,13.3,8.25084
1747308187,7.8,8.25084
1747308187,7.8,8.25084
1747308187,7.8,8.25084
1747308187,7.8,8.25084
1747308187,8.5,8.24764
1747308187,7.8,8.24764
1747308187,6.7,8.24609
1747308187,6.7,8.24609
1747308187,6.7,8.24609
1747308187,5.8,8.24609
1747308187,4.4,8.23845
1747308187,4.4,8.23845
1747308187,4.4,8.23845
1747308187,4.4,8.23845
1747308188,5.7,8.24443
1747308188,5.3,8.24443
1747308188,6.6,8.24751
1747308188,10.3,8.25057
1747308188,11.6,8.25057
1747308188,11.6,8.25057
1747308188,11.3,8.25057
1747308188,11.5,8.25057
1747308188,11.1,8.25363
1747308188,12.9,8.25826
1747308188,12.8,8.25826
1747308188,12.9,8.25826
1747308188,7.8,8.25819
1747308188,7.8,8.25819
1747308188,7.8,8.25819
1747308188,9.8,8.25339
1747308188,8.3,8.25209
1747308188,8.4,8.25209
1747308188,5.8,8.24722
1747308188,5.8,8.24722
1747308188,5.8,8.24563
1747308188,5.8,8.24563
1747308188,3.9,8.24423
1747308188,3.9,8.24732
1747308188,3.9,8.24732
1747308188,3.9,8.2457
1747308189,4.9,8.24428
1747308189,4.8,8.24428
1747308189,8.1,8.24428
1747308189,13.8,8.25963
1747308189,13.7,8.25963
1747308189,13.8,8.25963
1747308189,11.2,8.25963
1747308189,12.9,8.25802
1747308189,11.7,8.25643
1747308189,13.7,8.25498
1747308189,13.6,8.25498
1747308189,13.5,8.25498
1747308189,9.1,8.2565
1747308189,8.3,8.2565
1747308189,9.1,8.2565
1747308189,9.3,8.2565
1747308189,8.7,8.25021
1747308189,10,8.25021
1747308189,5.4,8.24416
1747308189,5.4,8.24416
1747308189,5.4,8.24416
1747308189,5.4,8.24416
1747308190,3.9,8.24416
1747308190,3.9,8.24416
1747308190,3.9,8.24254
1747308190,3.9,8.24254
1747308190,5.3,8.24102
1747308190,6.2,8.24102
1747308190,5.2,8.24102
1747308190,12,8.25172
1747308190,12.1,8.25172
1747308190,10.7,8.25172
1747308190,12,8.25172
1747308190,11.5,8.25172
1747308190,11.1,8.25172
1747308190,12.6,8.25635
1747308190,12.9,8.25635
1747308190,12.9,8.25635
1747308190,6,8.25481
1747308190,6.9,8.25481
1747308190,7.7,8.24362
1747308190,7.7,8.24362
1747308190,8.9,8.24093
1747308190,8.8,8.24093
1747308191,6.7,8.24083
1747308191,6.7,8.24083
1747308191,6.7,8.24083
1747308191,6.7,8.24083
1747308191,3.9,8.23782
1747308191,4.8,8.23782
1747308191,4.8,8.23782
1747308191,3.9,8.23782
1747308191,3.9,8.23936
1747308191,2.9,8.23936
1747308191,5.4,8.24553
1747308191,10.7,8.24396
1747308191,10.6,8.24396
1747308191,8.5,8.24396
1747308191,8.5,8.24396
1747308191,9.3,8.24396
1747308191,8.5,8.24396
1747308191,12.4,8.24391
1747308191,12.4,8.24391
1747308191,12.4,8.24391
1747308192,8.8,8.24083
1747308192,8.7,8.24083
1747308192,7.5,8.24083
1747308192,8.8,8.24083
1747308192,8.8,8.23929
1747308192,8.8,8.23929
1747308192,5.8,8.24076
1747308192,5.8,8.24076
1747308192,5.8,8.24076
1747308192,4.9,8.24076
1747308192,3.9,8.24237
1747308192,3.9,8.24237
1747308192,3.9,8.24237
1747308192,3.9,8.24237
1747308192,3.4,8.23774
1747308192,3.5,8.23613
1747308192,2.5,8.23772
1747308192,10.6,8.24061
1747308192,10.6,8.24061
1747308192,10.6,8.24061
1747308192,10.5,8.24061
1747308192,9.3,8.24061
1747308192,10.2,8.24061
1747308193,11.8,8.23916
1747308193,12.6,8.23916
1747308193,12.5,8.23916
1747308193,8.7,8.23902
1747308193,7.9,8.23902
1747308193,10.6,8.23902
1747308193,7.8,8.23902
1747308193,9.6,8.2376
1747308193,10.4,8.23439
1747308193,6.7,8.23451
1747308193,6.7,8.23451
1747308193,6.7,8.23451
1747308193,6.7,8.23451
1747308193,4.3,8.23285
1747308193,4.8,8.23285
1747308193,4.8,8.23285
1747308193,4.3,8.23285
1747308193,2.9,8.22984
1747308193,3.9,8.22984
1747308193,3.9,8.22984
1747308194,7,8.23593
1747308194,8.4,8.23593
1747308194,8.4,8.23593
1747308194,8.4,8.23593
1747308194,8.4,8.23593
1747308194,8,8.23593
1747308194,12.7,8.24056
1747308194,12.6,8.24056
1747308194,12.6,8.24056
1747308194,7.8,8.2421
1747308194,7.8,8.2421
1747308194,7,8.2421
1747308194,7.4,8.2421
1747308194,7.8,8.24056
1747308194,8.3,8.24056
1747308194,6.7,8.23899
1747308194,6.7,8.23899
1747308194,5.3,8.23899
1747308194,5.4,8.23899
1747308194,3.9,8.23745
1747308194,3.9,8.23745
1747308194,3.9,8.23745
1747308194,3.9,8.23745
1747308195,4.3,8.23128
1747308195,3.9,8.23128
1747308195,3.9,8.23128
1747308195,9.3,8.23586
1747308195,9.3,8.23586
1747308195,9.3,8.23586
1747308195,9.3,8.23586
1747308195,7.5,8.23733
1747308195,8.9,8.23733
1747308195,11.9,8.23586
1747308195,11.8,8.23586
1747308195,11.7,8.22624
1747308195,8.8,8.22352
1747308195,8.7,8.2219
1747308195,7.4,8.2219
1747308195,7.9,8.2219
1747308195,9.5,8.22195
1747308195,9.1,8.22195
1747308195,7.6,8.22195
1747308195,5.8,8.22195
1747308195,5.9,8.22195
1747308195,7.6,8.22195
1747308196,3.9,8.22195
1747308196,3.9,8.22195
1747308196,3.9,8.22195
1747308196,3.9,8.22195
1747308196,3.4,8.22041
1747308196,3.4,8.22041
1747308196,3.4,8.22041
1747308196,10.1,8.22345
1747308196,9.8,8.22345
1747308196,10.2,8.22345
1747308196,9.8,8.22345
1747308196,10.1,8.22345
1747308196,9.8,8.22345
1747308196,11,8.22345
1747308196,10.9,8.22345
1747308196,10.9,8.22345
1747308196,6.8,8.22345
1747308196,6.9,8.22345
1747308196,8,8.22345
1747308196,8.4,8.22345
1747308196,8.7,8.22345
1747308196,8.7,8.22345
1747308197,6.3,8.22345
1747308197,6.2,8.22345
1747308197,4.9,8.22345
1747308197,6.3,8.22345
1747308197,4.8,8.2219
1747308197,4.8,8.2219
1747308197,4.8,8.2219
1747308197,4.8,8.2219
1747308197,3.4,8.22036
1747308197,3.4,8.22036
1747308197,3.4,8.22036
1747308197,8.9,8.22327
1747308197,8.9,8.22327
1747308197,8.9,8.22327
1747308197,8.8,8.22327
1747308197,8.9,8.22327
1747308197,9.7,8.22327
1747308197,12.2,8.22335
1747308197,12.3,8.22335
1747308197,13,8.22335
1747308197,8.7,8.22487
1747308197,7.9,8.22487
1747308197,7.9,8.22325
1747308197,7.8,8.22325
1747308198,8.7,8.22641
1747308198,8.7,8.22641
1747308198,5.4,8.22641
1747308198,6.4,8.22641
1747308198,6.3,8.22641
1747308198,5.9,8.22641
1747308198,4.8,8.22332
1747308198,4.8,8.22332
1747308198,4.8,8.22332
1747308198,4.8,8.22332
1747308198,2.5,8.2233
1747308198,2.5,8.2233
1747308198,2.5,8.2233
1747308198,8.8,8.22793
1747308198,10.1,8.22793
1747308198,8.8,8.22793
1747308198,10.1,8.22793
1747308198,8.8,8.22793
1747308198,8.8,8.22793
1747308198,11,8.22947
1747308198,10.9,8.22947
1747308198,10.9,8.22947
1747308199,7.4,8.22947
1747308199,9.1,8.22947
1747308199,7.4,8.22947
1747308199,7.4,8.22947
1747308199,7.5,8.22947
1747308199,7.9,8.22947
1747308199,6.2,8.22785
1747308199,5.8,8.22785
1747308199,6.2,8.22785
1747308199,6.2,8.22785
1747308199,4.4,8.22638
1747308199,4.3,8.22638
1747308199,4.3,8.22638
1747308199,4.3,8.22638
1747308199,2.9,8.22638
1747308199,2.9,8.22638
1747308199,2.9,8.22638
1747308200,8.4,8.22783
1747308200,8.5,8.22783
1747308200,8.4,8.22944
1747308200,8.4,8.22944
1747308200,7.5,8.22944
1747308200,7.5,8.22944
1747308200,10.8,8.23253
1747308200,10.8,8.23253
1747308200,10,8.23253
1747308200,7.4,8.23253
1747308200,8.3,8.22932
1747308200,8.3,8.22932
1747308200,8.3,8.22932
1747308200,7.9,8.22944
1747308200,8,8.22944
1747308200,5,8.22944
1747308200,5,8.22944
1747308200,5,8.22944
1747308200,5,8.22944
1747308200,5.2,8.2279
1747308200,5.3,8.2279
1747308200,5.2,8.2279
1747308200,5.2,8.2279
1747308201,2.5,8.2279
1747308201,2.5,8.2279
1747308201,2.5,8.2279
1747308201,8,8.23096
1747308201,8.9,8.23096
1747308201,8.8,8.23096
1747308201,8.9,8.23096
1747308201,10.1,8.23096
1747308201,10.1,8.23096
1747308201,12.7,8.2325
1747308201,12.6,8.2325
1747308201,13.3,8.2325
1747308201,8.8,8.23096
1747308201,8.7,8.23096
1747308201,8.7,8.23096
1747308201,6.9,8.23096
1747308201,9.6,8.2278
1747308201,9.6,8.2278
1747308201,6.2,8.23241
1747308201,6.2,8.23241
1747308201,6.2,8.23241
1747308201,5,8.23081
1747308202,3.9,8.23248
1747308202,4.8,8.23248
1747308202,3.9,8.23248
1747308202,3.9,8.23248
1747308202,3.4,8.23248
1747308202,3.4,8.23248
1747308202,3.4,8.23248
1747308202,8,8.23863
1747308202,8,8.23863
1747308202,8,8.23863
1747308202,8.9,8.23863
1747308202,8.9,8.23863
1747308202,8.8,8.23863
1747308202,11.4,8.24171
1747308202,10.6,8.24171
1747308202,10.9,8.24171
1747308202,8.3,8.24477
1747308202,8.3,8.24477
1747308202,9.1,8.24316
1747308202,7.4,8.24316
1747308202,8.8,8.24169
1747308202,8.9,8.24169
1747308203,6.2,8.2432
1747308203,6.2,8.2432
1747308203,6.2,8.24012
1747308203,5.8,8.24012
1747308203,4.3,8.23547
1747308203,4.3,8.23547
1747308203,4.3,8.23547
1747308203,4.3,8.23547
1747308203,2.9,8.23547
1747308203,2.9,8.23547
1747308203,2.9,8.23547
1747308203,10.2,8.24161
1747308203,10.2,8.24161
1747308203,10.2,8.24161
1747308203,11.5,8.24161
1747308203,11.4,8.24161
1747308203,10.2,8.24161
1747308203,13.7,8.24316
1747308203,13.6,8.24316
1747308203,13.5,8.24316
1747308203,7.9,8.24467
1747308203,7.8,8.24467
1747308203,7.8,8.24467
1747308203,7,8.24467
1747308204,6.5,8.24156
1747308204,6.5,8.24156
1747308204,6.3,8.24002
1747308204,4.9,8.24002
1747308204,6.3,8.24002
1747308204,4.9,8.24002
1747308204,3.4,8.23385
1747308204,3.4,8.23385
1747308204,3.4,8.23385
1747308204,3.4,8.23385
1747308204,3.4,8.23383
1747308204,3.4,8.23383
1747308204,3.4,8.23383
1747308204,7.5,8.23537
1747308204,7.5,8.23537
1747308204,7.5,8.23537
1747308204,7.5,8.23537
1747308204,8.9,8.23537
1747308204,8.9,8.23537
1747308204,12.2,8.23843
1747308204,12.1,8.23843
1747308204,12.1,8.23843
1747308205,9.8,8.24306
1747308205,9.7,8.24306
1747308205,9.8,8.24306
1747308205,8.5,8.24306
1747308205,10.5,8.24151
1747308205,11.2,8.24151
1747308205,6.3,8.24144
1747308205,6.3,8.24144
1747308205,6.3,8.24144
1747308205,6.7,8.23983
1747308205,4.8,8.23841
1747308205,4.8,8.23841
1747308205,4.8,8.23841
1747308205,4.8,8.23841
1747308205,3.8,8.2353
1747308205,3.8,8.2353
1747308205,3.8,8.2353
1747308205,7.5,8.23221
1747308205,7.5,8.23221
1747308205,7.5,8.23221
1747308205,10.1,8.23221
1747308205,10.1,8.23221
1747308205,10.1,8.23221
1747308206,10.6,8.23838
1747308206,10.2,8.23838
1747308206,10.6,8.23838
1747308206,8.3,8.24142
1747308206,8.3,8.24142
1747308206,8.3,8.24142
1747308206,8.3,8.24142
1747308206,8.7,8.23833
1747308206,9.7,8.23833
1747308206,5.9,8.23525
1747308206,5.9,8.23525
1747308206,4.9,8.23525
1747308206,5.8,8.23525
1747308206,4.8,8.23214
1747308206,4.8,8.23214
1747308206,4.8,8.23214
1747308206,4.8,8.23214
1747308206,4.3,8.23199
1747308206,4.3,8.23199
1747308206,4.3,8.23199
1747308207,10.7,8.23973
1747308207,10.7,8.23973
1747308207,9.3,8.23973
1747308207,11.5,8.23973
1747308207,9.4,8.23973
1747308207,10.5,8.23973
1747308207,11.4,8.2459
1747308207,11.4,8.2459
1747308207,11.4,8.2459
1747308207,7.8,8.24898
1747308207,7.8,8.24898
1747308207,7.8,8.24898
1747308207,9.8,8.2458
1747308207,8.7,8.24433
1747308207,8.7,8.24433
1747308207,4.9,8.24433
1747308207,4.9,8.24433
1747308207,4.9,8.24433
1747308207,5.8,8.24433
1747308207,5.3,8.24125
1747308207,5.3,8.24125
1747308207,5.3,8.24125
1747308207,4.4,8.24125
1747308208,2.9,8.24125
1747308208,2.9,8.24125
1747308208,2.9,8.24125
1747308208,8,8.24585
1747308208,9.8,8.24585
1747308208,9.8,8.24585
1747308208,8,8.24585
1747308208,8,8.24585
1747308208,9.4,8.24585
1747308208,12.3,8.24585
1747308208,12.3,8.24585
1747308208,12.3,8.24585
1747308208,7.4,8.25045
1747308208,8.3,8.25045
1747308208,8.2,8.25045
1747308208,6.5,8.25045
1747308208,8.3,8.25045
1747308208,7.5,8.25045
1747308208,5.4,8.24891
1747308208,5.3,8.24891
1747308208,5.4,8.24891
1747308208,6.2,8.24737
1747308209,3.9,8.24582
1747308209,3.9,8.24582
1747308209,3.9,8.24582
1747308209,3.9,8.24582
1747308209,2.9,8.24582
1747308209,2.9,8.24582
1747308209,4.3,8.24582
1747308209,9.3,8.25043
1747308209,7.5,8.25043
1747308209,7.5,8.25043
1747308209,9.3,8.25043
1747308209,9.3,8.25043
1747308209,8.5,8.25043
1747308209,10.8,8.25503
1747308209,10.8,8.25503
1747308209,10.8,8.25503
1747308209,7.4,8.25657
1747308209,6.1,8.25657
1747308209,7.4,8.25657
1747308209,9.3,8.25657
1747308209,8.3,8.25175
1747308209,8.2,8.25175
1747308210,5.8,8.2519
1747308210,5.8,8.2519
1747308210,5.8,8.2519
1747308210,5.8,8.2519
1747308210,3.5,8.2519
1747308210,4.4,8.2519
1747308210,4.9,8.2519
1747308210,4.9,8.2519
1747308210,2.5,8.2519
1747308210,2.5,8.2519
1747308210,5.9,8.2519
1747308210,8,8.25498
1747308210,9.8,8.25498
1747308210,9.8,8.25498
1747308210,8.9,8.25498
1747308210,8.9,8.25498
1747308210,8.4,8.25337
1747308210,11.8,8.25341
1747308210,11.8,8.25341
1747308210,11.8,8.25341
1747308211,7.9,8.24413
1747308211,7.9,8.24413
1747308211,7.8,8.24413
1747308211,9.2,8.24413
1747308211,8.1,8.24413
1747308211,8.9,8.24413
1747308211,5.8,8.2456
1747308211,5.8,8.2456
1747308211,5.8,8.2456
1747308211,6.2,8.2456
1747308211,3.9,8.24565
1747308211,4.8,8.24565
1747308211,5.3,8.24565
1747308211,3.9,8.24565
1747308211,2.9,8.23948
1747308211,2.9,8.23948
1747308211,3,8.23948
1747308211,9.9,8.24102
1747308211,9.9,8.24102
1747308211,8,8.24102
1747308211,9.3,8.24102
1747308211,9.3,8.24102
1747308211,8.9,8.24102
1747308212,11.8,8.241
1747308212,12.1,8.241
1747308212,12.4,8.241
1747308212,9.1,8.241
1747308212,9.1,8.241
1747308212,9.1,8.241
1747308212,10,8.23938
1747308212,8.2,8.23946
1747308212,7.3,8.23946
1747308212,5.3,8.23946
1747308212,6.2,8.23946
1747308212,6.2,8.23946
1747308212,6.2,8.23946
1747308212,6.7,8.23478
1747308212,6.7,8.23478
1747308212,6.7,8.23478
1747308212,4.4,8.23478
1747308212,4.8,8.23015
1747308212,3.4,8.23015
1747308212,3.4,8.23015
1747308213,10.7,8.2317
1747308213,10.7,8.2317
1747308213,10.7,8.2317
1747308213,10.2,8.2317
1747308213,8.4,8.2317
1747308213,9.4,8.2317
1747308213,11.7,8.23165
1747308213,11.7,8.23165
1747308213,12.3,8.23165
1747308213,8.3,8.23459
1747308213,8.3,8.23459
1747308213,8.3,8.23459
1747308213,6.9,8.23459
1747308213,8.1,8.23471
1747308213,7.2,8.23471
1747308213,5.4,8.23317
1747308213,5.4,8.23317
1747308213,5.4,8.23317
1747308213,5.4,8.23317
1747308213,5.9,8.23459
1747308213,5.9,8.23459
1747308213,5.9,8.23459
1747308213,5.9,8.23459
1747308214,3.9,8.23152
1747308214,3.9,8.23152
1747308214,3.9,8.23152
1747308214,7.6,8.23921
1747308214,7.6,8.23921
1747308214,9.8,8.23921
1747308214,7.5,8.23921
1747308214,9.8,8.23921
1747308214,7.9,8.23603
1747308214,10.3,8.22636
1747308214,11.5,8.2282
1747308214,10.4,8.2282
1747308214,8.3,8.22974
1747308214,8.3,8.22974
1747308214,9.1,8.22974
1747308214,7.8,8.22974
1747308214,6.8,8.2282
1747308214,6.8,8.2282
1747308214,7.2,8.2282
1747308214,7.2,8.2282
1747308214,7.3,8.2282
1747308214,5.5,8.2282
1747308215,6.7,8.23123
1747308215,6.7,8.23123
1747308215,6.7,8.22962
1747308215,6.7,8.22962
1747308215,5.3,8.22352
1747308215,6.2,8.22352
1747308215,5.9,8.2266
1747308215,8.5,8.23118
1747308215,10.7,8.23118
1747308215,9.4,8.23118
1747308215,9.4,8.23118
1747308215,10.7,8.23118
1747308215,8.4,8.23118
1747308215,11.2,8.22952
1747308215,11.3,8.22952
1747308215,11.2,8.22952
1747308215,10,8.23258
1747308215,10,8.22937
1747308215,9.9,8.23101
1747308215,10,8.23101
1747308215,8.2,8.22959
1747308215,8.2,8.22959
1747308216,5.9,8.22805
1747308216,7.7,8.22805
1747308216,7.7,8.22805
1747308216,8.6,8.23113
1747308216,6.7,8.23268
1747308216,6.7,8.23268
1747308216,6.7,8.23268
1747308216,4.4,8.23268
1747308216,7.2,8.23571
1747308216,7.2,8.23571
1747308216,8.6,8.23571
1747308216,10.7,8.23725
1747308216,10.2,8.23405
1747308216,12,8.23725
1747308216,11.9,8.23569
1747308216,10.2,8.23569
1747308216,10.2,8.23569
1747308216,12.5,8.24031
1747308216,12.1,8.24031
1747308216,9.4,8.24031
1747308216,8.7,8.24031
1747308216,8.7,8.24031
1747308216,9.9,8.2387
1747308216,9.9,8.2387
1747308217,8.1,8.2326
1747308217,8.1,8.2326
1747308217,7.2,8.2326
1747308217,7.2,8.2326
1747308217,7.7,8.2326
1747308217,7.7,8.2326
1747308217,6.7,8.23552
1747308217,6.7,8.23552
1747308217,5.3,8.23552
1747308217,5.4,8.23552
1747308217,9,8.23104
1747308217,9,8.23412
1747308217,9,8.23412
1747308217,11.3,8.23721
1747308217,11.2,8.23721
1747308217,12.4,8.23559
1747308217,9.5,8.23559
1747308217,10.7,8.23559
1747308217,9.9,8.23559
1747308217,11.1,8.23258
1747308217,11.1,8.23258
1747308217,11.3,8.23258
1747308218,10,8.2246
1747308218,8.3,8.2246
1747308218,8.3,8.2246
1747308218,10,8.2246
1747308218,5.9,8.22484
1747308218,5.9,8.22484
1747308218,7.6,8.23099
1747308218,7.6,8.23099
1747308218,8.5,8.23099
1747308218,7.7,8.23099
1747308218,5.3,8.22763
1747308218,5.4,8.22763
1747308218,5.3,8.22763
1747308218,5.3,8.22763
1747308218,5.9,8.22626
1747308218,5.9,8.22626
1747308218,5.9,8.22626
1747308218,11.1,8.23091
1747308218,11.1,8.23091
1747308218,12.3,8.23091
1747308218,12.3,8.23091
1747308218,11.1,8.23091
1747308219,8.8,8.234
1747308219,11.8,8.23397
1747308219,12.9,8.23397
1747308219,12.6,8.23397
1747308219,8.2,8.23552
1747308219,8.2,8.23552
1747308219,8.2,8.23552
1747308219,9,8.2291
1747308219,7.2,8.22472
1747308219,7.2,8.22472
1747308219,7.2,8.22621
1747308219,5.4,8.22621
1747308219,8.5,8.22621
1747308219,5.4,8.22621
1747308219,8.1,8.22927
1747308219,8.1,8.22927
1747308219,8.1,8.22927
1747308219,8.1,8.22927
1747308220,7.7,8.22773
1747308220,7.7,8.22773
1747308220,5.9,8.22773
1747308220,11.2,8.23542
1747308220,12.4,8.23542
1747308220,10.8,8.23542
1747308220,10.7,8.23542
1747308220,10.7,8.23542
1747308220,9.3,8.23542
1747308220,11.2,8.23542
1747308220,11.3,8.23542
1747308220,10.4,8.23542
1747308220,9.1,8.23224
1747308220,9.1,8.23224
1747308220,7.4,8.23062
1747308220,7.3,8.23062
1747308220,7.6,8.22922
1747308220,7.6,8.22922
1747308220,6.8,8.23224
1747308220,6.8,8.23224
1747308220,8.5,8.23062
1747308220,8.6,8.23062
1747308221,7.7,8.23067
1747308221,7.7,8.23067
1747308221,7.7,8.23067
1747308221,7.7,8.22905
1747308221,6.8,8.22746
1747308221,6.8,8.2291
1747308221,8.2,8.2291
1747308221,10.3,8.23064
1747308221,12.1,8.23064
1747308221,10.3,8.23064
1747308221,11.3,8.23064
1747308221,10.3,8.23064
1747308221,9,8.23064
1747308221,10,8.2337
1747308221,10.4,8.2337
1747308221,10.7,8.22893
1747308221,7.8,8.22893
1747308221,7.7,8.22893
1747308221,7.7,8.22731
1747308221,7.7,8.22731
1747308221,7.7,8.22722
1747308221,8.1,8.22722
1747308222,7.2,8.22433
1747308222,7.2,8.22433
1747308222,7.3,8.22594
1747308222,5.5,8.22112
1747308222,4.5,8.22276
1747308222,3.5,8.22281
1747308222,5.4,8.2196
1747308222,4.5,8.2196
1747308222,6.4,8.22281
1747308222,6.4,8.22281
1747308222,7.7,8.22281
1747308222,12.5,8.22895
1747308222,11.2,8.23204
1747308222,10.3,8.23204
1747308222,12.4,8.23204
1747308222,12.4,8.23204
1747308222,12.4,8.23042
1747308222,13.2,8.22893
1747308222,14,8.22893
1747308222,14.5,8.22893
1747308222,8.3,8.22572
1747308222,8.3,8.22572
1747308222,7.8,8.22572
1747308222,8.3,8.22572
1747308223,7.3,8.22893
1747308223,7.3,8.22893
1747308223,5.4,8.23194
1747308223,5.4,8.23194
1747308223,5.4,8.23194
1747308223,5.4,8.23194
1747308223,4.9,8.22881
1747308223,4.9,8.22881
1747308223,4.9,8.22881
1747308223,4.9,8.22881
1747308223,8.1,8.23192
1747308223,9.4,8.23498
1747308223,7.3,8.23498
1747308223,9.9,8.23642
1747308223,9.9,8.23642
1747308223,11.2,8.23642
1747308223,9.9,8.23642
1747308223,9.4,8.23642
1747308223,10.7,8.23642
1747308223,11.7,8.23796
1747308223,13.5,8.23796
1747308223,9.8,8.23796
1747308224,8.8,8.23329
1747308224,8.7,8.2317
1747308224,8.7,8.2317
1747308224,8.8,8.2317
1747308224,6.9,8.2303
1747308224,6.8,8.2303
1747308224,7.2,8.22097
1747308224,6.7,8.22097
1747308224,4.4,8.22097
1747308224,7.2,8.22097
1747308224,5.8,8.2256
1747308224,5.9,8.2256
1747308224,5.9,8.2256
1747308224,5.8,8.2256
1747308224,8.5,8.2256
1747308224,7.7,8.2256
1747308224,8.5,8.2256
1747308224,10.3,8.22714
1747308224,10.3,8.22714
1747308224,11.5,8.22714
1747308224,11.5,8.22714
1747308224,10.2,8.22714
1747308224,11.1,8.22553
1747308225,11.1,8.22712
1747308225,9.5,8.22712
1747308225,8,8.22712
1747308225,9.2,8.22403
1747308225,10,8.22403
1747308225,10,8.22403
1747308225,10.7,8.22403
1747308225,6.3,8.22558
1747308225,8.1,8.22558
1747308225,6.2,8.22712
1747308225,6.2,8.22712
1747308225,6.3,8.22712
1747308225,6.2,8.22712
1747308225,5.8,8.23018
1747308225,5.8,8.23018
1747308225,7.6,8.23018
1747308225,5.8,8.23018
1747308225,8.6,8.23018
1747308225,8.6,8.23018
1747308225,7.3,8.23324
1747308226,11.2,8.23324
1747308226,11.2,8.23324
1747308226,11.2,8.23324
1747308226,10.3,8.23324
1747308226,10.3,8.23324
1747308226,10.2,8.23165
1747308226,10.9,8.23013
1747308226,8.4,8.23013
1747308226,11.2,8.23013
1747308226,7.4,8.23167
1747308226,7.5,8.23167
1747308226,7.4,8.23167
1747308226,7,8.23167
1747308226,6.3,8.2363
1747308226,6.3,8.2363
1747308226,3.4,8.2363
1747308226,3.4,8.2363
1747308226,5.3,8.2363
1747308226,3.5,8.2363
1747308226,5.4,8.2409
1747308226,5.3,8.2409
1747308226,5.4,8.2409
1747308226,6.2,8.23782
1747308227,7.7,8.2409
1747308227,7.3,8.2409
1747308227,7.2,8.2409
1747308227,9.4,8.24245
1747308227,10.6,8.24245
1747308227,10.7,8.24083
1747308227,10.6,8.24083
1747308227,10.6,8.24083
1747308227,8.3,8.24083
1747308227,12.6,8.23936
1747308227,10.6,8.23936
1747308227,11.5,8.23936
1747308227,9.6,8.23627
1747308227,9.5,8.23627
1747308227,8.7,8.23627
1747308227,10.2,8.23627
1747308227,5.8,8.23473
1747308227,5.8,8.23473
1747308227,4.9,8.23317
1747308227,4.9,8.23317
1747308227,5.7,8.23317
1747308227,5.7,8.23317
1747308228,5.3,8.22677
1747308228,5.3,8.22677
1747308228,7.1,8.22677
1747308228,5.3,8.22677
1747308228,6.8,8.22389
1747308228,6.8,8.22389
1747308228,8.1,8.22389
1747308228,10.2,8.22834
1747308228,10.3,8.23143
1747308228,10.3,8.23143
1747308228,12,8.23143
1747308228,10.3,8.23143
1747308228,9.6,8.23143
1747308228,13,8.23309
1747308228,12.3,8.23309
1747308228,10.8,8.23309
1747308228,8.3,8.23772
1747308228,8.3,8.23772
1747308228,8.8,8.23772
1747308228,9.7,8.23772
1747308228,7.1,8.2361
1747308228,7.1,8.23463
1747308229,5.4,8.23309
1747308229,5.4,8.23309
1747308229,4.4,8.23309
1747308229,4.9,8.23309
1747308229,4.4,8.23459
1747308229,4.4,8.23459
1747308229,4.4,8.23459
1747308229,5.3,8.23459
1747308229,4.9,8.23765
1747308229,4.9,8.23765
1747308229,5,8.23765
1747308229,9.3,8.23916
1747308229,11.1,8.23916
1747308229,9.3,8.23916
1747308229,11.4,8.23916
1747308229,11.1,8.23916
1747308229,7.9,8.23904
1747308229,11.8,8.2376
1747308229,11.8,8.2376
1747308229,9.4,8.2376
1747308230,8.6,8.24377
1747308230,8.3,8.24377
1747308230,9.8,8.24377
1747308230,9.7,8.24377
1747308230,8.2,8.24222
1747308230,8.1,8.24222
1747308230,7.1,8.24377
1747308230,7.1,8.24377
1747308230,5.8,8.24377
1747308230,5.9,8.24377
1747308230,5.3,8.24685
1747308230,5.3,8.24685
1747308230,5.3,8.24685
1747308230,4.4,8.24685
1747308230,6.7,8.24994
1747308230,6.3,8.24994
1747308230,6.7,8.24994
1747308230,9.7,8.24994
1747308230,11,8.24994
1747308230,9.8,8.24994
1747308230,8,8.24994
1747308230,9.3,8.24994
1747308230,11.7,8.24994
1747308231,12,8.25452
1747308231,10.8,8.25452
1747308231,12.4,8.25452
1747308231,9.2,8.25606
1747308231,9.1,8.25606
1747308231,8.3,8.25606
1747308231,8.3,8.25606
1747308231,7.7,8.25606
1747308231,7.7,8.25606
1747308231,5.4,8.25444
1747308231,5.4,8.25444
1747308231,5.4,8.25444
1747308231,5.4,8.25444
1747308231,5.3,8.25449
1747308231,5.3,8.25449
1747308231,5.3,8.25449
1747308231,6.2,8.25449
1747308231,7.1,8.25295
1747308231,7.1,8.24974
1747308231,6.4,8.24974
1747308232,12.7,8.25138
1747308232,11.1,8.25138
1747308232,12.7,8.25138
1747308232,10.7,8.25138
1747308232,9.4,8.25138
1747308232,12.7,8.25138
1747308232,13.5,8.25292
1747308232,13.5,8.25292
1747308232,12.1,8.25292
1747308232,7.9,8.25447
1747308232,7.9,8.25447
1747308232,7.9,8.25447
1747308232,7.8,8.25447
1747308232,9,8.25131
1747308232,9,8.25131
1747308232,7.9,8.25138
1747308232,8,8.25138
1747308232,6.7,8.25138
1747308232,6.7,8.25138
1747308232,5.9,8.24984
1747308232,5.8,8.24984
1747308232,5.8,8.24984
1747308232,4.9,8.24984
1747308233,6.2,8.25136
1747308233,6.3,8.25136
1747308233,4.4,8.25136
1747308233,9.9,8.25442
1747308233,11.5,8.25442
1747308233,9,8.25442
1747308233,10.3,8.25442
1747308233,9,8.25442
1747308233,10.2,8.25748
1747308233,11.8,8.26206
1747308233,11.4,8.26206
1747308233,11.2,8.26206
1747308233,7.8,8.26206
1747308233,8.2,8.26206
1747308233,9,8.26206
1747308233,8.2,8.26206
1747308233,4.9,8.26206
1747308233,4.9,8.26206
1747308233,4.5,8.26051
1747308233,5.4,8.26051
1747308233,4,8.26051
1747308233,5.4,8.26051
1747308234,6.2,8.2589
1747308234,4.9,8.2589
1747308234,4.9,8.2589
1747308234,4.9,8.2589
1747308234,4,8.25897
1747308234,4.9,8.25897
1747308234,4.9,8.25897
1747308234,9.8,8.25897
1747308234,9.8,8.25897
1747308234,9.4,8.25897
1747308234,9.4,8.25897
1747308234,9.3,8.26206
1747308234,9.3,8.26206
1747308234,10.9,8.25897
1747308234,10.3,8.25897
1747308234,11.5,8.25897
1747308234,8.3,8.25883
1747308234,8.3,8.2543
1747308234,8.3,8.2543
1747308234,8.3,8.2543
1747308234,6.7,8.25275
1747308234,5.8,8.25275
1747308235,6.3,8.25275
1747308235,5.4,8.25275
1747308235,7.2,8.25275
1747308235,8.1,8.25275
1747308235,5.8,8.25427
1747308235,5.8,8.25427
1747308235,7.6,8.25427
1747308235,6.7,8.25427
1747308235,7.2,8.25427
1747308235,5.9,8.25427
1747308235,7.2,8.25427
1747308235,10.7,8.26044
1747308235,12.4,8.26044
1747308235,11.2,8.26044
1747308235,11.2,8.26044
1747308235,10.2,8.26044
1747308235,10.2,8.26044
1747308235,11.4,8.26044
1747308235,9.1,8.26044
1747308235,9.9,8.26044
1747308235,8.2,8.26044
1747308235,7.3,8.26044
1747308235,8.2,8.26044
1747308235,9.4,8.26044
1747308236,6.7,8.26196
1747308236,6.7,8.26196
1747308236,6.7,8.26196
1747308236,6.7,8.26196
1747308236,6.7,8.26196
1747308236,7.7,8.26196
1747308236,5.9,8.26193
1747308236,8.1,8.26193
1747308236,5.9,8.26193
1747308236,7.7,8.26193
1747308236,8.1,8.26348
1747308236,8.1,8.26348
1747308236,8.2,8.26348
1747308236,11.1,8.26027
1747308236,11.1,8.26027
1747308236,11.1,8.26027
1747308236,11.2,8.26027
1747308236,11.5,8.26027
1747308236,9.9,8.26027
1747308236,9.6,8.25885
1747308236,10.4,8.25885
1747308236,11.1,8.25885
1747308237,7.7,8.25723
1747308237,7.7,8.25723
1747308237,7.7,8.25562
1747308237,8.7,8.25562
1747308237,3.9,8.25422
1747308237,3.9,8.25422
1747308237,5.4,8.25253
1747308237,4,8.25253
1747308237,4,8.25253
1747308237,4,8.25253
1747308237,5.9,8.2542
1747308237,5.9,8.2542
1747308237,4,8.2542
1747308237,4,8.2542
1747308237,4.4,8.26189
1747308237,6.3,8.26189
1747308237,6.3,8.26189
1747308237,12.4,8.26487
1747308237,12.4,8.26487
1747308237,12.4,8.26487
1747308237,10.7,8.26487
1747308238,10.7,8.26328
1747308237,12.9,8.26338
1747308238,12.7,8.26184
1747308238,11.8,8.26184
1747308238,13.3,8.26184
1747308238,7.2,8.26331
1747308238,8.6,8.26331
1747308238,8.6,8.26331
1747308238,9.4,8.26171
1747308238,6.3,8.25875
1747308238,7.1,8.25875
1747308238,9.1,8.26181
1747308238,9,8.26181
1747308238,7.7,8.2649
1747308238,9.1,8.2649
1747308238,8.5,8.26167
1747308238,7.1,8.26167
1747308238,6.7,8.26167
1747308238,6.7,8.26167
1747308239,6.3,8.25559
1747308239,6.3,8.25559
1747308239,8.1,8.25704
1747308239,10.8,8.25711
1747308239,10.8,8.25711
1747308239,12,8.25711
1747308239,10.7,8.25711
1747308239,10.7,8.26017
1747308239,11.9,8.25856
1747308239,12.1,8.2586
1747308239,11.4,8.25699
1747308239,11.4,8.25699
1747308239,9,8.25552
1747308239,8.2,8.25552
1747308239,8.1,8.2539
1747308239,10,8.2539
1747308239,8.1,8.25383
1747308239,8.1,8.25383
1747308239,8.1,8.25393
1747308239,8.1,8.25393
1747308239,7.3,8.25393
1747308239,7.3,8.25393
1747308240,6.3,8.25236
1747308240,6.2,8.25236
1747308240,6.3,8.25236
1747308240,7.1,8.24913
1747308240,6.4,8.24928
1747308240,8.2,8.24928
1747308240,8.2,8.24928
1747308240,12.2,8.25082
1747308240,12.2,8.25082
1747308240,12.1,8.25082
1747308240,12.1,8.25082
1747308240,12.1,8.25082
1747308240,12.5,8.25082
1747308240,13.3,8.25236
1747308240,13.3,8.25236
1747308240,13.3,8.25236
1747308240,7.7,8.2539
1747308240,7.8,8.2539
1747308240,7.7,8.2539
1747308240,7.8,8.2539
1747308240,6.2,8.2539
1747308240,6.3,8.2539
1747308241,7.7,8.2539
1747308241,5.9,8.25699
1747308241,5.9,8.25699
1747308241,7.7,8.25699
1747308241,7.7,8.26005
1747308241,6.3,8.26005
1747308241,7.7,8.26005
1747308241,7.7,8.26005
1747308241,7.8,8.26159
1747308241,9.1,8.26159
1747308241,9.1,8.26159
1747308241,11.7,8.26149
1747308241,12.6,8.26149
1747308241,13.7,8.26149
1747308241,11.7,8.26149
1747308241,11.6,8.26149
1747308241,11.6,8.26149
1747308241,12.6,8.26458
1747308241,12.6,8.26458
1747308241,12.6,8.26296
1747308241,7.8,8.26458
1747308241,8.6,8.26296
1747308241,8.7,8.26296
1747308241,6.9,8.26296
1747308242,5.8,8.26149
1747308242,5.8,8.26149
1747308242,5,8.26149
1747308242,5,8.26149
1747308242,7.7,8.26149
1747308242,8.5,8.26149
1747308242,6.9,8.25655
1747308242,6.9,8.25655
1747308242,6.9,8.25655
1747308242,5.9,8.2566
1747308242,7.2,8.2553
1747308242,5.4,8.2553
1747308242,5.4,8.2553
1747308242,10.8,8.2553
1747308242,10.8,8.2553
1747308242,10.8,8.2553
1747308242,10.8,8.2553
1747308242,11.4,8.25368
1747308242,8.3,8.25209
1747308242,11.7,8.24756
1747308242,12.7,8.24756
1747308242,12.1,8.24756
1747308243,9.1,8.24908
1747308243,9.1,8.24908
1747308243,9.1,8.24908
1747308243,7.8,8.25217
1747308243,6.2,8.25217
1747308243,6.2,8.25217
1747308243,7.7,8.25831
1747308243,6.8,8.25831
1747308243,9.1,8.25674
1747308243,6.9,8.25674
1747308243,6.8,8.25667
1747308243,8.6,8.25505
1747308243,8.1,8.25505
1747308243,8.1,8.25505
1747308243,8.7,8.2505
1747308243,6.9,8.2505
1747308243,10.4,8.2505
1747308243,12.1,8.25363
1747308243,12.1,8.25363
1747308243,13.6,8.25363
1747308243,13.6,8.25363
1747308243,11.2,8.25363
1747308243,12,8.25363
1747308244,13,8.25363
1747308244,13.1,8.25363
1747308244,13,8.25363
1747308244,7.4,8.24739
1747308244,7.4,8.24739
1747308244,7.4,8.24739
1747308244,7.4,8.24739
1747308244,4.9,8.24284
1747308244,4.8,8.24284
1747308244,6.8,8.24744
1747308244,6.8,8.24744
1747308244,6.9,8.24744
1747308244,6.8,8.24744
1747308244,5.4,8.24742
1747308244,5.4,8.24742
1747308244,5.4,8.24742
1747308244,5.9,8.24742
1747308244,7.2,8.24267
1747308244,7.2,8.24267
1747308244,7.2,8.24267
1747308245,9.9,8.24433
1747308245,11.7,8.24433
1747308245,9.9,8.24433
1747308245,8.1,8.24433
1747308245,10.7,8.24433
1747308245,9,8.24433
1747308245,12.1,8.24585
1747308245,12.8,8.24423
1747308245,12.7,8.24423
1747308245,8.2,8.24431
1747308245,8.2,8.24431
1747308245,8.2,8.24431
1747308245,8.2,8.24431
1747308245,4.9,8.24122
1747308245,4.9,8.24122
1747308245,4.9,8.23811
1747308245,4.9,8.23811
1747308245,5,8.2365
1747308245,5.9,8.2365
1747308245,5.8,8.23018
1747308245,5.9,8.23179
1747308245,5.8,8.23172
1747308245,5.9,8.23018
1747308246,7.7,8.22868
1747308246,6.4,8.22868
1747308246,7.7,8.22868
1747308246,10.8,8.23187
1747308246,10.8,8.23187
1747308246,10.7,8.23025
1747308246,10.7,8.23025
1747308246,10.7,8.23025
1747308246,10.1,8.23025
1747308246,13,8.24105
1747308246,12.7,8.24105
1747308246,9.8,8.23946
1747308246,9.1,8.241
1747308246,9.1,8.241
1747308246,8.3,8.241
1747308246,9,8.23777
1747308246,6.7,8.23478
1747308246,6.7,8.23478
1747308246,8.1,8.23938
1747308246,5.9,8.23938
1747308246,8.1,8.23938
1747308246,5.8,8.23938
1747308247,5.8,8.23627
1747308247,8.1,8.23627
1747308247,5.8,8.23627
1747308247,5.9,8.23627
1747308247,6.8,8.23478
1747308247,6.8,8.23478
1747308247,9.4,8.23478
1747308247,10.3,8.24093
1747308247,11.6,8.24093
1747308247,11.6,8.24093
1747308247,13.1,8.24399
1747308247,13.1,8.24399
1747308247,10.2,8.24399
1747308247,13,8.23936
1747308247,13,8.23936
1747308247,11.8,8.23777
1747308247,7.8,8.23466
1747308247,7.8,8.23466
1747308247,7.8,8.23466
1747308247,8.7,8.23466
1747308247,6.7,8.23463
1747308247,6.7,8.23463
1747308248,7.2,8.23463
1747308248,7.3,8.23463
1747308248,8.6,8.23463
1747308248,7.7,8.23304
1747308248,5.9,8.23307
1747308248,5.9,8.23307
1747308248,5.9,8.23307
1747308248,5.9,8.23307
1747308248,5.4,8.22998
1747308248,5.4,8.22998
1747308248,5.8,8.22998
1747308248,9.9,8.23459
1747308248,11.1,8.23459
1747308248,11.1,8.23459
1747308248,9.4,8.23767
1747308248,9.4,8.23767
1747308248,10.7,8.23767
1747308248,11.2,8.23919
1747308248,13.1,8.22964
1747308248,12.6,8.23145
1747308249,7.3,8.22824
1747308249,7.3,8.22824
1747308249,8.2,8.22824
1747308249,8.2,8.22824
1747308249,6.3,8.2268
1747308249,6.3,8.2268
1747308249,7.8,8.2268
1747308249,7.7,8.2268
1747308249,7.8,8.2268
1747308249,8.3,8.2268
1747308249,6.8,8.23143
1747308249,8.1,8.23143
1747308249,6.8,8.23143
1747308249,8.1,8.23143
1747308249,5.4,8.23451
1747308249,6.3,8.23451
1747308249,5.4,8.23451
1747308249,11.2,8.23605
1747308249,9.9,8.23605
1747308249,9.9,8.23605
1747308249,9.9,8.23605
1747308249,9.4,8.23605
1747308249,9.4,8.23605
1747308250,10.3,8.23451
1747308250,10.5,8.23451
1747308250,10.6,8.23451
1747308250,6.4,8.23143
1747308250,7.3,8.23143
1747308250,7.3,8.23143
1747308250,7.2,8.23143
1747308250,5.4,8.2314
1747308250,4.9,8.2314
1747308250,8.2,8.22986
1747308250,8.1,8.22986
1747308250,9.1,8.22986
1747308250,8.3,8.22986
1747308250,7.3,8.22675
1747308250,7.3,8.22675
1747308250,7.3,8.22675
1747308250,8.2,8.22675
1747308250,5.4,8.22675
1747308250,4.5,8.22675
1747308250,6.7,8.22675
1747308251,9,8.23441
1747308251,10.3,8.23441
1747308251,9,8.2328
1747308251,9.9,8.2328
1747308251,9.9,8.23118
1747308251,9.8,8.22959
1747308251,9.4,8.22499
1747308251,11,8.2234
1747308251,10.4,8.2234
1747308251,8.2,8.21737
1747308251,7.3,8.21737
1747308251,7.3,8.21576
1747308251,8.9,8.21576
1747308251,5.8,8.21421
1747308251,7.6,8.21421
1747308251,7.7,8.21887
1747308251,7.7,8.21887
1747308251,7.8,8.21887
1747308251,7.8,8.21887
1747308251,5.9,8.22041
1747308251,8.2,8.22041
1747308251,6.4,8.22041
1747308251,6,8.22041
1747308252,6.2,8.22195
1747308252,6.2,8.22195
1747308252,7.6,8.22501
1747308252,11.2,8.22802
1747308252,11.3,8.22802
1747308252,12.4,8.22643
1747308252,11.2,8.22643
1747308252,13.1,8.22643
1747308252,9.3,8.22643
1747308252,12.4,8.23106
1747308252,12.5,8.23106
1747308252,12.4,8.23106
1747308252,7.3,8.23106
1747308252,8.7,8.23106
1747308252,7.3,8.23106
1747308252,7.3,8.23106
1747308252,8.1,8.22633
1747308252,8.1,8.22633
1747308252,9.1,8.22942
1747308252,10.7,8.22942
1747308252,10,8.22942
1747308252,10,8.22942
1747308253,8.1,8.22959
1747308253,8.1,8.22959
1747308253,8.1,8.22959
1747308253,8.1,8.22959
1747308253,5.4,8.23419
1747308253,5.4,8.23419
1747308253,5.4,8.23419
1747308253,11.5,8.23561
1747308253,11.5,8.23561
1747308253,9.8,8.23561
1747308253,9.8,8.23561
1747308253,8.9,8.23243
1747308253,12.2,8.23243
1747308253,12.4,8.23405
1747308253,11.2,8.23405
1747308253,12.1,8.23405
1747308253,8.3,8.2293
1747308253,8.2,8.2293
1747308253,8.2,8.2293
1747308253,7.4,8.23077
1747308253,6.8,8.22788
1747308253,6.7,8.22788
1747308254,8.2,8.23104
1747308254,7.3,8.23104
1747308254,6.5,8.23104
1747308254,6.4,8.23104
1747308254,8.9,8.22484
1747308254,9,8.22484
1747308254,8.9,8.22484
1747308254,8.1,8.22484
1747308254,8.7,8.22638
1747308254,9.6,8.22638
1747308254,8.7,8.22638
1747308254,10.7,8.2325
1747308254,11.5,8.2325
1747308254,10.2,8.23089
1747308254,11.5,8.23089
1747308254,9,8.2293
1747308254,9,8.2293
1747308254,10.9,8.23096
1747308254,11.2,8.23096
1747308254,12.6,8.23096
1747308254,8.7,8.23096
1747308254,8.7,8.23096
1747308254,8.7,8.23096
1747308254,8.7,8.23096
1747308255,7.2,8.23094
1747308255,7.2,8.23094
1747308255,7.6,8.22939
1747308255,7.6,8.22939
1747308255,7.7,8.22939
1747308255,6.8,8.22939
1747308255,8.6,8.22939
1747308255,8.6,8.22939
1747308255,8.6,8.22939
1747308255,8.6,8.22939
1747308255,8.4,8.22785
1747308255,9.7,8.22785
1747308255,9.7,8.22785
1747308255,9.8,8.23091
1747308255,10.6,8.23091
1747308255,11.1,8.23091
1747308255,8.9,8.23091
1747308255,11.1,8.23091
1747308255,8.9,8.23091
1747308255,12.9,8.22629
1747308255,9.9,8.22629
1747308255,9.8,8.22629
1747308256,7.8,8.22629
1747308256,7.8,8.22629
1747308256,6.9,8.22629
1747308256,9,8.22629
1747308256,4.4,8.22937
1747308256,4.4,8.22937
1747308256,5.4,8.22621
1747308256,5.4,8.22621
1747308256,5.4,8.22621
1747308256,7.6,8.2246
1747308256,5.4,8.22308
1747308256,5.9,8.22308
1747308256,6.8,8.22146
1747308256,6.8,8.22146
1747308256,10.9,8.22151
1747308256,9.2,8.22151
1747308256,9.2,8.22151
1747308256,10.3,8.22462
1747308256,12,8.22141
1747308256,10.3,8.22141
1747308256,11.6,8.22127
1747308256,11.5,8.22127
1747308256,11.5,8.22127
1747308257,12.1,8.21843
1747308257,10.8,8.21843
1747308257,11.5,8.21522
1747308257,8.1,8.21534
1747308257,8.2,8.21534
1747308257,8.1,8.21534
1747308257,9.6,8.21843
1747308257,6.2,8.21679
1747308257,6.2,8.21679
1747308257,5.9,8.2184
1747308257,5.9,8.2184
1747308257,6.8,8.2184
1747308257,6.8,8.2184
1747308257,6.9,8.21994
1747308257,6.9,8.21994
1747308257,6.9,8.21994
1747308257,5.5,8.21994
1747308258,7.8,8.22455
1747308258,8.7,8.22455
1747308258,8.7,8.22455
1747308258,10.2,8.22609
1747308258,12,8.22609
1747308258,11.5,8.22917
1747308258,13.6,8.22917
1747308258,13.6,8.22917
1747308258,10.2,8.22917
1747308258,12.2,8.21967
1747308258,12.2,8.21967
1747308258,11.7,8.21967
1747308258,8.7,8.21992
1747308258,7.4,8.21992
1747308258,8.2,8.21992
1747308258,6.9,8.21992
1747308258,5,8.21681
1747308258,4.9,8.21681
1747308258,5.9,8.21681
1747308258,7.7,8.21681
1747308258,9,8.21681
1747308258,6.8,8.21681
1747308259,6.9,8.21679
1747308259,6.9,8.21679
1747308259,6.9,8.21679
1747308259,6.8,8.21679
1747308259,8.2,8.21524
1747308259,7.7,8.21524
1747308259,7.7,8.22141
1747308259,11.4,8.22291
1747308259,11.6,8.21649
1747308259,11.5,8.21649
1747308259,9.8,8.2149
1747308259,10.6,8.2149
1747308259,8.8,8.21331
1747308259,12.9,8.21363
1747308259,12.5,8.21363
1747308259,11.7,8.21363
1747308259,8.6,8.21669
1747308259,7.3,8.21669
1747308259,7.4,8.21348
1747308259,8.6,8.20871
1747308259,4.4,8.20736
1747308259,6.3,8.20736
1747308260,7.2,8.21047
1747308260,9,8.21047
1747308260,7.3,8.21047
1747308260,7.3,8.21047
1747308260,4.5,8.2088
1747308260,4.5,8.2088
1747308260,6.8,8.2088
1747308260,8.2,8.2088
1747308260,5.4,8.21042
1747308260,5.4,8.21042
1747308260,6.4,8.21042
1747308260,9.8,8.215
1747308260,11.1,8.215
1747308260,11.8,8.21179
1747308260,10.2,8.21179
1747308260,8.4,8.2102
1747308260,7.9,8.2102
1747308260,10.8,8.21343
1747308260,10.8,8.21343
1747308260,11.8,8.21343
1747308260,9.1,8.21331
1747308260,9.1,8.21492
1747308260,8.6,8.21492
1747308260,8.7,8.21492
1747308261,5,8.21338
1747308261,7.7,8.21338
1747308261,7.7,8.21492
1747308261,7.7,8.21492
1747308261,7.7,8.21639
1747308261,6.3,8.21331
1747308261,5.9,8.2195
1747308261,5.9,8.2195
1747308261,8.8,8.2195
1747308261,7.6,8.2195
1747308261,13.5,8.22105
1747308261,13.4,8.22105
1747308261,9.2,8.22105
1747308261,11.7,8.22413
1747308261,11.3,8.22251
1747308261,10.9,8.22251
1747308261,10.8,8.22251
1747308261,10.8,8.22251
1747308261,10.8,8.22251
1747308261,13,8.21948
1747308261,12.6,8.21948
1747308261,13.7,8.21948
1747308262,9.2,8.21473
1747308262,10.8,8.21473
1747308262,9.1,8.21473
1747308262,10,8.21311
1747308262,5,8.21177
1747308262,5,8.21177
1747308262,5.8,8.21331
1747308262,5.7,8.21331
1747308262,4.9,8.21331
1747308262,4.4,8.21331
1747308262,4.9,8.21022
1747308262,6.2,8.21022
1747308262,4.9,8.21022
1747308262,4.9,8.21022
1747308262,10.6,8.21174
1747308262,9.7,8.21174
1747308262,7.5,8.21174
1747308262,10.3,8.2148
1747308262,9,8.2148
1747308262,11.7,8.2148
1747308262,10.3,8.2148
1747308262,12.1,8.21319
1747308262,8.8,8.21319
1747308263,10.3,8.21627
1747308263,10.3,8.21627
1747308263,10.3,8.21627
1747308263,7.8,8.21319
1747308263,7.8,8.21319
1747308263,6.9,8.21319
1747308263,6.9,8.21319
1747308263,6.8,8.21473
1747308263,6.8,8.21473
1747308263,5.3,8.21473
1747308263,5.3,8.21473
1747308263,4.4,8.21473
1747308263,3.4,8.21311
1747308263,4.9,8.21466
1747308263,4.9,8.21466
1747308263,4.9,8.21774
1747308263,4.9,8.21774
1747308263,9.7,8.21774
1747308263,8.9,8.21774
1747308263,7.9,8.21928
1747308264,10.3,8.2208
1747308264,10.3,8.2208
1747308264,11.7,8.21918
1747308264,12.9,8.21918
1747308264,10.8,8.21918
1747308264,10.7,8.21918
1747308264,11.6,8.21451
1747308264,11.5,8.21759
1747308264,11.5,8.21759
1747308264,8.3,8.22389
1747308264,8.7,8.22389
1747308264,8.7,8.22389
1747308264,8.6,8.22389
1747308264,6.4,8.22389
1747308264,6.3,8.22389
1747308264,5.7,8.22543
1747308264,4.4,8.22543
1747308264,5.7,8.22543
1747308264,5.7,8.22543
1747308264,4.9,8.2208
1747308264,4.9,8.2208
1747308264,4.9,8.2208
1747308264,4.9,8.2208
1747308265,8.3,8.22229
1747308265,8.3,8.22229
1747308265,9.2,8.22229
1747308265,11.5,8.22215
1747308265,11.5,8.21894
1747308265,12.3,8.22202
1747308265,12.1,8.22531
1747308265,10.8,8.22369
1747308265,10.8,8.22369
1747308265,12.9,8.22531
1747308265,12.8,8.22531
1747308265,11.3,8.22369
1747308265,7.4,8.22068
1747308265,8.7,8.22068
1747308265,8.7,8.22068
1747308265,8.7,8.22068
1747308265,6.3,8.2222
1747308265,6.3,8.2222
1747308265,5.7,8.22051
1747308265,5.7,8.22051
1747308265,5.7,8.22051
1747308265,4.4,8.22051
1747308266,5.4,8.21909
1747308266,4.4,8.21909
1747308266,6.2,8.21909
1747308266,6.2,8.22215
1747308266,10.1,8.22369
1747308266,10.1,8.22369
1747308266,9.3,8.22369
1747308266,12.9,8.22984
1747308266,12.9,8.22984
1747308266,12.9,8.22984
1747308266,11.3,8.22984
1747308266,10.8,8.22984
1747308266,11.7,8.2329
1747308266,10,8.23135
1747308266,10.8,8.23135
1747308266,10.8,8.23444
1747308266,7.8,8.2329
1747308266,7.8,8.2329
1747308266,7.8,8.2329
1747308266,7.8,8.2329
1747308266,5.8,8.23444
1747308266,8.5,8.22981
1747308267,4.9,8.22981
1747308267,4.9,8.22981
1747308267,6.7,8.22981
1747308267,6.7,8.22981
1747308267,9.4,8.23135
1747308267,9.3,8.23135
1747308267,9.3,8.23135
1747308267,8.5,8.23135
1747308267,12.4,8.23598
1747308267,12.4,8.23598
1747308267,13.5,8.23752
1747308267,13.4,8.24058
1747308267,13.6,8.24058
1747308267,12,8.24203
1747308267,13.7,8.24203
1747308267,13.6,8.24203
1747308267,12.4,8.24203
1747308267,13,8.2421
1747308267,12.7,8.2421
1747308267,12.4,8.24049
1747308268,9.6,8.24046
1747308268,7.9,8.24046
1747308268,7.8,8.24046
1747308268,9.6,8.24046
1747308268,5.7,8.24054
1747308268,4.4,8.24054
1747308268,4.4,8.24054
1747308268,4.4,8.24054
1747308268,3.5,8.24054
1747308268,4.4,8.24054
1747308268,5.3,8.24054
1747308268,5.3,8.24054
1747308268,5.2,8.24054
1747308268,5.3,8.24054
1747308268,7.4,8.24208
1747308268,7.3,8.24208
1747308268,5.5,8.24208
1747308268,8,8.24514
1747308268,8,8.24514
1747308268,9.4,8.24502
1747308268,9,8.24502
1747308268,9.4,8.24502
1747308268,9.9,8.24342
1747308269,13.1,8.24205
1747308269,13.1,8.24205
1747308269,10.7,8.24205
1747308269,7.8,8.2436
1747308269,7.8,8.2436
1747308269,7.8,8.2436
1747308269,7.8,8.2436
1747308269,4.4,8.24357
1747308269,3.9,8.24357
1747308269,4.8,8.24357
1747308269,4.8,8.24357
1747308269,3,8.24357
1747308269,3.9,8.24357
1747308269,4.4,8.23877
1747308269,4.4,8.24186
1747308269,4.4,8.24186
1747308269,4.4,8.24186
1747308269,7.8,8.24198
1747308269,9.1,8.24198
1747308269,7.8,8.24198
1747308270,9.5,8.24044
1747308270,9.4,8.24044
1747308270,9.8,8.24044
1747308270,9.8,8.24044
1747308270,9.8,8.24044
1747308270,9.8,8.24044
1747308270,12.3,8.2434
1747308270,12.1,8.2434
1747308270,9.7,8.2434
1747308270,7.4,8.2435
1747308270,8.3,8.2435
1747308270,8.3,8.2435
1747308270,8.2,8.2435
1747308270,5.3,8.24499
1747308270,4.4,8.24338
1747308270,5.4,8.24191
1747308270,3.5,8.24191
1747308270,4.4,8.24029
1747308270,4.4,8.24029
1747308270,4.4,8.24342
1747308270,4.4,8.24342
1747308270,5.3,8.24342
1747308270,4.4,8.24342
1747308271,6.5,8.24651
1747308271,7.8,8.24651
1747308271,7.8,8.24651
1747308271,10.7,8.24957
1747308271,10.8,8.24957
1747308271,8.9,8.24957
1747308271,9.8,8.24957
1747308271,8.9,8.24957
1747308271,11.5,8.24957
1747308271,10.4,8.25111
1747308271,10.7,8.25111
1747308271,10.8,8.25111
1747308271,7.8,8.25266
1747308271,7.8,8.25266
1747308271,7.8,8.25266
1747308271,8.8,8.25266
1747308271,5.8,8.24942
1747308271,6.3,8.24942
1747308271,5.8,8.24492
1747308271,5.7,8.24492
1747308271,5.7,8.24492
1747308271,5.7,8.24492
1747308272,5.3,8.24029
1747308272,5.3,8.24029
1747308272,5.4,8.24029
1747308272,6.2,8.24029
1747308272,8.3,8.24183
1747308272,7.9,8.24183
1747308272,7.8,8.24183
1747308272,10.6,8.24338
1747308272,10.6,8.24338
1747308272,9.5,8.24338
1747308272,9.8,8.24338
1747308272,9.8,8.24338
1747308272,8.4,8.24338
1747308272,9.4,8.24492
1747308272,9.3,8.24492
1747308272,8.5,8.24333
1747308272,8.7,8.24484
1747308272,8.7,8.24484
1747308272,8.7,8.24484
1747308272,6.9,8.24484
1747308272,8.1,8.2433
1747308272,6.8,8.2433
1747308273,4.4,8.24176
1747308273,4.4,8.24176
1747308273,4.4,8.24176
1747308273,4.4,8.24176
1747308273,5.3,8.2433
1747308273,5.3,8.2433
1747308273,5.3,8.2433
1747308273,6.3,8.2433
1747308273,7.4,8.2433
1747308273,7.4,8.2433
1747308273,7.4,8.2433
1747308273,7.9,8.24788
1747308273,9,8.24788
1747308273,7.6,8.24788
1747308273,8.5,8.24788
1747308273,9.4,8.24788
1747308273,9.3,8.24788
1747308273,12,8.2494
1747308273,12,8.2494
1747308273,11.8,8.2494
1747308273,8.3,8.24619
1747308273,8.3,8.24619
1747308273,8.3,8.24619
1747308273,7.9,8.24619
1747308274,6.8,8.24323
1747308274,8.2,8.24323
1747308274,5.4,8.24323
1747308274,5.4,8.24323
1747308274,5.4,8.24323
1747308274,5.4,8.24323
1747308274,5.8,8.23706
1747308274,5.8,8.23706
1747308274,5.8,8.24014
1747308274,4.9,8.24014
1747308274,8.3,8.24154
1747308274,8.3,8.24154
1747308274,8.3,8.24154
1747308274,11.1,8.24626
1747308274,10.4,8.24626
1747308274,11.2,8.24933
1747308274,11.2,8.24933
1747308274,10.7,8.24933
1747308274,11.5,8.24933
1747308274,10.7,8.24933
1747308274,10.7,8.24933
1747308274,11.8,8.24933
1747308275,7.8,8.24778
1747308275,7.8,8.24778
1747308275,7.8,8.24778
1747308275,8.3,8.24778
1747308275,7.7,8.24778
1747308275,9,8.24778
1747308275,5.8,8.24462
1747308275,5.8,8.24462
1747308275,5.8,8.24462
1747308275,5.8,8.24462
1747308275,5.3,8.24313
1747308275,5.3,8.24313
1747308275,5.3,8.24313
1747308275,6.7,8.24313
1747308275,7.9,8.24925
1747308275,7.9,8.24925
1747308275,7.9,8.24925
1747308275,12.2,8.24771
1747308275,12,8.24771
1747308276,11.7,8.24771
1747308276,11.7,8.24771
1747308276,10.4,8.24771
1747308276,11.7,8.24771
1747308276,14.9,8.2506
1747308276,14.9,8.2506
1747308276,15.7,8.2506
1747308276,18.1,8.24749
1747308276,18,8.24749
1747308276,18.6,8.24749
1747308276,19,8.24587
1747308276,21,8.24458
1747308276,20.9,8.24458
1747308276,16.3,8.24918
1747308276,17.4,8.24918
1747308276,17.3,8.24918
1747308276,18.5,8.24918
1747308276,18.5,8.25072
1747308276,17.2,8.25072
1747308276,18.5,8.25072
1747308276,17.5,8.24746
1747308277,16.8,8.25224
1747308277,17.4,8.25224
1747308277,17.4,8.25224
1747308277,8.8,8.24264
1747308277,8.4,8.23304
1747308277,8.4,8.2349
1747308277,8.4,8.23515
1747308277,10,8.23515
1747308277,7,8.23515
1747308277,3.9,8.23366
1747308277,3.4,8.23366
1747308277,2.9,8.23366
1747308277,5.9,8.23366
1747308277,5,8.23366
1747308277,5,8.23366
1747308277,4.9,8.23366
1747308277,8.7,8.23517
1747308277,8.7,8.23517
1747308277,5.8,8.23517
1747308277,7.5,8.23517
1747308277,5.8,8.23517
1747308277,5.4,8.23517
1747308278,6.9,8.23363
1747308278,6.5,8.23363
1747308278,6.5,8.23363
1747308278,6.9,8.23363
1747308278,12.7,8.23517
1747308278,12.9,8.23517
1747308278,12.8,8.23517
1747308278,11.3,8.23508
1747308278,10,8.23816
1747308278,11.3,8.23816
1747308278,10.1,8.23816
1747308278,11.3,8.23654
1747308278,11.3,8.23654
1747308278,5.3,8.235
1747308278,5.3,8.235
1747308278,3.9,8.235
1747308278,5.9,8.23512
1747308278,5.9,8.23512
1747308278,5.8,8.23512
1747308278,6.3,8.23512
1747308278,7.7,8.23512
1747308278,8.9,8.23512
1747308279,7.7,8.23204
1747308279,7.3,8.23204
1747308279,7.7,8.23204
1747308279,7.3,8.23204
1747308279,9.4,8.23664
1747308279,9.4,8.23664
1747308279,9.4,8.23664
1747308279,7.4,8.23664
1747308279,10.4,8.23818
1747308279,11.1,8.23818
1747308279,11.4,8.22695
1747308279,9.3,8.22883
1747308279,9.3,8.22883
1747308279,9.3,8.22883
1747308279,9.3,8.22883
1747308279,9.2,8.22883
1747308279,9.3,8.22724
1747308279,5.7,8.23197
1747308279,5.7,8.23197
1747308279,4.8,8.23197
1747308279,3.4,8.22888
1747308279,4.8,8.22888
1747308279,4.8,8.22888
1747308279,4.4,8.22888
1747308280,5.4,8.23042
1747308280,6.3,8.23042
1747308280,7.3,8.23348
1747308280,7.3,8.23348
1747308280,7.3,8.23348
1747308280,7.8,8.23028
1747308280,9.3,8.22886
1747308280,10.1,8.22886
1747308280,9.3,8.22886
1747308280,8.8,8.22724
1747308280,12.5,8.23811
1747308280,13.3,8.23811
1747308280,12.6,8.23811
1747308280,10.5,8.23809
1747308280,9.3,8.23809
1747308280,10.5,8.23647
1747308280,10.5,8.23647
1747308280,10.5,8.23809
1747308280,10.6,8.23647
1747308280,4.9,8.23654
1747308280,4.9,8.23654
1747308280,4.9,8.23654
1747308281,4.3,8.23652
1747308281,4.3,8.23652
1747308281,4.4,8.23652
1747308281,5.3,8.23652
1747308281,6.3,8.2365
1747308281,6.3,8.2365
1747308281,9.5,8.2365
1747308281,9.5,8.2365
1747308281,9.6,8.2365
1747308281,9.1,8.2365
1747308281,9.9,8.23804
1747308281,8.9,8.23804
1747308281,8.9,8.23804
1747308281,10.1,8.23642
1747308281,8.4,8.2365
1747308281,11.5,8.23488
1747308281,12,8.23488
1747308281,10.1,8.23799
1747308281,11.8,8.23799
1747308281,11.4,8.23799
1747308281,11.4,8.23799
1747308281,9.8,8.23799
1747308281,11.5,8.23799
1747308282,7.7,8.23799
1747308282,7.7,8.23799
1747308282,5.9,8.23799
1747308282,3.9,8.23799
1747308282,5.3,8.23799
1747308282,5.3,8.23799
1747308282,6.3,8.23799
1747308282,4.9,8.23799
1747308282,4.9,8.23799
1747308282,7.4,8.23799
1747308282,7.3,8.23799
1747308282,9.1,8.23799
1747308282,9.1,8.23799
1747308282,9.5,8.23951
1747308282,9.4,8.23951
1747308282,9.4,8.23951
1747308282,9,8.23951
1747308282,11.6,8.23642
1747308282,13.5,8.23642
1747308282,12.8,8.23642
1747308283,11.1,8.24257
1747308283,11.1,8.24257
1747308283,11.1,8.24257
1747308283,11.1,8.24257
1747308283,9.3,8.24257
1747308283,11.1,8.24257
1747308283,8.6,8.23936
1747308283,7.3,8.23936
1747308283,9.9,8.23936
1747308283,7.2,8.23948
1747308283,7.1,8.23948
1747308283,7.2,8.23948
1747308283,7.2,8.23948
1747308283,5.3,8.23792
1747308283,6.2,8.23792
1747308283,8.7,8.23792
1747308283,8.7,8.23792
1747308283,9.1,8.23792
1747308283,9.1,8.23792
1747308284,11.2,8.23946
1747308284,11.2,8.23946
1747308284,11.2,8.23946
1747308284,11.2,8.23946
1747308284,11.5,8.241
1747308284,11.4,8.241
1747308284,11.4,8.241
1747308284,12.3,8.24254
1747308284,12.3,8.24254
1747308284,12.4,8.24254
1747308284,12.3,8.24254
1747308284,10.7,8.24254
1747308284,12.4,8.24254
1747308284,9.2,8.24563
1747308284,9.1,8.24563
1747308284,9.1,8.24563
1747308284,6.3,8.24717
1747308284,6.3,8.24717
1747308284,6.3,8.24717
1747308284,6.3,8.24717
1747308284,3.9,8.24717
1747308284,3.9,8.24717
1747308285,6.9,8.24717
1747308285,6.9,8.24717
1747308285,9.9,8.24717
1747308285,8.2,8.24717
1747308285,9.5,8.24717
1747308285,10.3,8.24717
1747308285,10.3,8.24717
1747308285,10.3,8.24717
1747308285,9.7,8.24717
1747308285,10.8,8.24717
1747308285,10.9,8.24717
1747308285,8.8,8.24869
1747308285,10.1,8.24869
1747308285,10.1,8.24869
1747308285,10.1,8.24869
1747308285,10.9,8.24869
1747308285,8.4,8.24869
1747308285,11,8.25021
1747308285,11,8.25021
1747308285,9.7,8.25021
1747308285,6.8,8.25175
1747308285,6.8,8.25175
1747308285,6.8,8.25175
1747308285,5.9,8.25175
1747308286,5.2,8.25013
1747308286,6.6,8.25013
1747308286,7.8,8.25021
1747308286,7.8,8.25021
1747308286,7.8,8.25021
1747308286,7.8,8.25021
1747308286,11.1,8.25172
1747308286,11.5,8.25172
1747308286,11.5,8.25172
1747308286,9.7,8.25172
1747308286,9.6,8.25172
1747308286,9.6,8.25172
1747308286,9.6,8.25172
1747308286,7.5,8.25172
1747308286,7.5,8.25172
1747308286,8.9,8.25172
1747308286,8.9,8.25172
1747308286,8.9,8.25172
1747308286,8,8.25172
1747308286,8.3,8.24864
1747308286,9.6,8.24864
1747308286,11.6,8.24864
1747308287,5.9,8.24235
1747308287,7.2,8.24235
1747308287,5.9,8.24235
1747308287,6.7,8.24235
1747308287,6.7,8.24232
1747308287,5.3,8.24232
1747308287,7.8,8.24538
1747308287,7.8,8.24538
1747308287,7.8,8.24538
1747308287,9.5,8.24538
1747308287,9.3,8.24844
1747308287,10.6,8.24844
1747308287,10.6,8.24844
1747308287,8,8.24844
1747308287,9.3,8.24844
1747308287,10.5,8.24844
1747308287,10.2,8.24844
1747308287,12.4,8.24844
1747308287,12.3,8.24844
1747308287,12.3,8.24844
1747308287,11.1,8.24844
1747308287,12.3,8.24844
1747308287,10.1,8.24844
1747308288,8.9,8.24705
1747308288,10.1,8.24705
1747308288,9.2,8.24705
1747308288,7.6,8.24551
1747308288,7.6,8.24551
1747308288,6.3,8.24551
1747308288,7.2,8.24551
1747308288,3.9,8.24396
1747308288,3.9,8.24396
1747308288,6.9,8.24237
1747308288,7.8,8.24237
1747308288,9.9,8.24237
1747308288,9.1,8.24237
1747308288,9.3,8.24391
1747308288,9.4,8.24391
1747308288,10.6,8.24391
1747308288,9.3,8.24391
1747308288,9.7,8.247
1747308288,9.7,8.247
1747308288,10.6,8.247
1747308289,11.6,8.23429
1747308289,9.8,8.23429
1747308289,8,8.23429
1747308289,9.8,8.23429
1747308289,8.5,8.23429
1747308289,12.3,8.23429
1747308289,8.4,8.23772
1747308289,9.2,8.23772
1747308289,7.9,8.23772
1747308289,5,8.23772
1747308289,5,8.23772
1747308289,5,8.23772
1747308289,5,8.23772
1747308289,3.4,8.23772
1747308289,4.8,8.23772
1747308289,9.1,8.23772
1747308289,7.4,8.23772
1747308289,9.1,8.23451
1747308289,9.1,8.23757
1747308289,10.5,8.23921
1747308289,10.5,8.23921
1747308289,10.6,8.23921
1747308289,10.5,8.23921
1747308290,11.1,8.23921
1747308290,11.5,8.23921
1747308290,11.5,8.23921
1747308290,11.7,8.24218
1747308290,11.7,8.24218
1747308290,11.6,8.24058
1747308290,9.9,8.24058
1747308290,10.8,8.23899
1747308290,9.5,8.23899
1747308290,10.6,8.23767
1747308290,10.6,8.23767
1747308290,9.9,8.23767
1747308290,5.4,8.23921
1747308290,5.4,8.23921
1747308290,5.4,8.23921
1747308290,7.2,8.23921
1747308290,3,8.23767
1747308290,4.8,8.23767
1747308290,8.6,8.23767
1747308290,8.7,8.23767
1747308290,8.2,8.23767
1747308290,8.2,8.23767
1747308291,9.7,8.23919
1747308291,8.4,8.23919
1747308291,9.6,8.23919
1747308291,8.3,8.23919
1747308291,11.1,8.23765
1747308291,11.1,8.23765
1747308291,11.1,8.23765
1747308291,11.9,8.23919
1747308291,11.9,8.23919
1747308291,12,8.23919
1747308291,10.2,8.23919
1747308291,11.9,8.23919
1747308291,10.3,8.23919
1747308291,10.3,8.24379
1747308291,12,8.24379
1747308291,14.3,8.23899
1747308291,6.8,8.23762
1747308291,6.8,8.23762
1747308291,6.8,8.23762
1747308291,6.8,8.23601
1747308291,4.8,8.23454
1747308291,3,8.23454
1747308292,8.6,8.24071
1747308292,6.3,8.24071
1747308292,6.4,8.24071
1747308292,8.5,8.24071
1747308292,10.5,8.23916
1747308292,9.6,8.24225
1747308292,9.6,8.24225
1747308292,9.6,8.24225
1747308292,9.2,8.23916
1747308292,9.3,8.23916
1747308292,11.8,8.23916
1747308292,10.7,8.24222
1747308292,12.4,8.24222
1747308292,10.7,8.24222
1747308292,12.4,8.24222
1747308292,12.4,8.24222
1747308292,12.4,8.24061
1747308292,12,8.22516
1747308292,12,8.22516
1747308292,12,8.22516
1747308292,6.9,8.22523
1747308292,6.9,8.22523
1747308292,5.5,8.22523
1747308292,8.2,8.22677
1747308293,2.9,8.22677
1747308293,2.9,8.22677
1747308293,6.3,8.22984
1747308293,7.7,8.22981
1747308293,6.9,8.22981
1747308293,6.8,8.2282
1747308293,8.4,8.22673
1747308293,8,8.22673
1747308293,7.9,8.22673
1747308293,7.9,8.22673
1747308293,8.7,8.2267
1747308293,9.1,8.2267
1747308293,10,8.2267
1747308293,9.8,8.22974
1747308293,8.4,8.22974
1747308293,8.5,8.22653
1747308293,10.6,8.22653
1747308293,9.4,8.22653
1747308293,8.3,8.22653
1747308294,12.2,8.22817
1747308294,11.3,8.22971
1747308294,11.3,8.22971
1747308294,6.9,8.23126
1747308294,6.9,8.23126
1747308294,7.3,8.23126
1747308294,7.3,8.23126
1747308294,3.9,8.23126
1747308294,3.9,8.23126
1747308294,6.3,8.2328
1747308294,6.3,8.2328
1747308294,6.3,8.2328
1747308294,7.7,8.2328
1747308294,9.6,8.23743
1747308294,9.6,8.23743
1747308294,7.8,8.23743
1747308294,7.8,8.23743
1747308294,8.8,8.24051
1747308294,8.3,8.24051
1747308294,8.3,8.24051
1747308295,11.5,8.24357
1747308295,11.5,8.24357
1747308295,9.3,8.24357
1747308295,11.1,8.24357
1747308295,9.3,8.24357
1747308295,10.5,8.24357
1747308295,12.6,8.24357
1747308295,12.1,8.24357
1747308295,12.5,8.24357
1747308295,7.3,8.24357
1747308295,7.3,8.24357
1747308295,7.3,8.24357
1747308295,8.3,8.24357
1747308295,5.2,8.24357
1747308295,5.2,8.24357
1747308295,6.3,8.2482
1747308295,6.3,8.2482
1747308295,8.1,8.2482
1747308295,8.1,8.2482
1747308295,9.7,8.2482
1747308295,9.7,8.2482
1747308295,10.1,8.24499
1747308295,10,8.24499
1747308296,9.1,8.24798
1747308296,9.1,8.24798
1747308296,9.1,8.24798
1747308296,10.7,8.2527
1747308296,10.7,8.2527
1747308296,10.3,8.2527
1747308296,12,8.2527
1747308296,8.5,8.2527
1747308296,11.5,8.2527
1747308296,11.8,8.25116
1747308296,13.1,8.25116
1747308296,13,8.25116
1747308296,7.3,8.25425
1747308296,7.7,8.25425
1747308296,7.8,8.25425
1747308296,8.6,8.25425
1747308296,3.4,8.24955
1747308296,3.4,8.24955
1747308296,6.8,8.24808
1747308296,6.8,8.24808
1747308296,6.8,8.24808
1747308296,8.1,8.24646
1747308297,8.3,8.24959
1747308297,9.6,8.24959
1747308297,7.4,8.24959
1747308297,7.4,8.24959
1747308297,9.2,8.24959
1747308297,9.1,8.24959
1747308297,7.8,8.24959
1747308297,11.2,8.24957
1747308297,11.2,8.24957
1747308297,11.2,8.24957
1747308297,12.8,8.24957
1747308297,11.5,8.24957
1747308297,8.9,8.24795
1747308297,13,8.24793
1747308297,11.8,8.24793
1747308297,11.8,8.24793
1747308297,8.5,8.24646
1747308297,8.6,8.24646
1747308297,8.5,8.24646
1747308297,8.6,8.24484
1747308297,2,8.24492
1747308297,2,8.24492
1747308298,6.8,8.24027
1747308298,7.7,8.24027
1747308298,7.7,8.24027
1747308298,7.7,8.24027
1747308298,9.2,8.2433
1747308298,9.2,8.2433
1747308298,9.2,8.2433
1747308298,9.1,8.24009
1747308298,10,8.23867
1747308298,8.3,8.23867
1747308298,8.7,8.23867
1747308298,10.7,8.24325
1747308298,9.4,8.24325
1747308298,10.7,8.24325
1747308298,9.4,8.24325
1747308298,7.6,8.24325
1747308298,10.6,8.24325
1747308298,11.3,8.24475
1747308298,11,8.24475
1747308298,7.4,8.24475
1747308298,8.1,8.24475
1747308298,7.3,8.24475
1747308298,6.4,8.24475
1747308298,8.1,8.24475
1747308299,4.4,8.24164
1747308299,4.4,8.24164
1747308299,7.2,8.24318
1747308299,5.9,8.24318
1747308299,5.9,8.24318
1747308299,5.9,8.24318
1747308299,8.2,8.24318
1747308299,8.2,8.24318
1747308299,7.3,8.24318
1747308299,7.3,8.24318
1747308299,10.5,8.24164
1747308299,10.5,8.24164
1747308299,8.8,8.24164
1747308299,12.1,8.24624
1747308299,12.1,8.24624
1747308299,10.3,8.24624
1747308299,12.1,8.24624
1747308299,11.2,8.24624
1747308299,10.3,8.24624
1747308299,13.5,8.24301
1747308299,12.1,8.24301
1747308299,10.3,8.24301
1747308300,8.6,8.24139
1747308300,8.6,8.24139
1747308300,8.6,8.24139
1747308300,8.6,8.24139
1747308300,4.9,8.23542
1747308300,4.9,8.23542
1747308300,5.8,8.23696
1747308300,5.8,8.23696
1747308300,5.8,8.23696
1747308300,5.9,8.23696
1747308300,8.7,8.23696
1747308300,8.6,8.23696
1747308300,8.6,8.23696
1747308300,8.2,8.23696
1747308300,10.1,8.24465
1747308300,10.1,8.24465
1747308300,12.7,8.24465
1747308300,9.5,8.24773
1747308300,11.2,8.24773
1747308300,13.3,8.24773
1747308300,12.9,8.24773
1747308300,10.8,8.24612
1747308300,10.7,8.24612
1747308301,13,8.24453
1747308301,13.9,8.24453
1747308301,13.9,8.24453
1747308301,8.1,8.24311
1747308301,8.2,8.24311
1747308301,8.2,8.24311
1747308301,9.7,8.24311
1747308301,5.7,8.24619
1747308301,5.7,8.24619
1747308301,4.9,8.24465
1747308301,5.8,8.24465
1747308301,4.9,8.24465
1747308301,4.9,8.24465
1747308301,8.1,8.24311
1747308301,6.3,8.24311
1747308301,6.3,8.24311
1747308301,7.7,8.24311
1747308301,10.2,8.23848
1747308301,10.1,8.23848
1747308301,8.9,8.23848
1747308302,11.7,8.24002
1747308302,10.3,8.24002
1747308302,10.3,8.24002
1747308302,9,8.24002
1747308302,11.6,8.24002
1747308302,10.3,8.24002
1747308302,10.7,8.23848
1747308302,12.5,8.23848
1747308302,12.4,8.23848
1747308302,9.1,8.24002
1747308302,9.1,8.24002
1747308302,7.9,8.23684
1747308302,9.1,8.23525
1747308302,5.8,8.23067
1747308302,5.8,8.23067
1747308302,5.3,8.22766
1747308302,5.3,8.22766
1747308302,5.3,8.22766
1747308302,5.3,8.22766
1747308303,6.3,8.22763
1747308303,6.3,8.22763
1747308303,7.7,8.22763
1747308303,6.3,8.22763
1747308303,10.5,8.22594
1747308303,9.3,8.22594
1747308303,10.5,8.22594
1747308303,12,8.23525
1747308303,10.2,8.23525
1747308303,12,8.23525
1747308303,10.3,8.23525
1747308303,10.2,8.23525
1747308303,10.2,8.23363
1747308303,13.3,8.23216
1747308303,12,8.23216
1747308303,12,8.23216
1747308303,6.5,8.23214
1747308303,6.5,8.23214
1747308303,7.4,8.23214
1747308303,7.4,8.23214
1747308303,5.8,8.23214
1747308303,5.3,8.23214
1747308304,3.4,8.23214
1747308304,4.8,8.23214
1747308304,4.8,8.23214
1747308304,5.4,8.23214
1747308304,8.1,8.2351
1747308304,6.3,8.2351
1747308304,8.1,8.2351
1747308304,7.7,8.2351
1747308304,10.6,8.23669
1747308304,10.6,8.23669
1747308304,10.6,8.23669
1747308304,11.7,8.23669
1747308304,11.2,8.23978
1747308304,11.2,8.23978
1747308304,11.2,8.23978
1747308304,10.3,8.23978
1747308304,10.2,8.23978
1747308304,10.6,8.24132
1747308304,9.5,8.24132
1747308304,11.7,8.24132
1747308304,6.9,8.24286
1747308304,6.4,8.24286
1747308304,6.8,8.24286
1747308304,8.5,8.23965
1747308305,5.4,8.23823
1747308305,4.5,8.23823
1747308305,4.4,8.23515
1747308305,4.3,8.23515
1747308305,4.4,8.23515
1747308305,6.2,8.23515
1747308305,6.3,8.23978
1747308305,6.3,8.23978
1747308305,7.7,8.23978
1747308305,7.6,8.23978
1747308305,11,8.24129
1747308305,9.3,8.24129
1747308305,11,8.24129
1747308305,13,8.24742
1747308305,11.7,8.24421
1747308305,11.6,8.24421
1747308305,13,8.24421
1747308305,11.2,8.24421
1747308305,12.3,8.24421
1747308305,13.1,8.24431
1747308305,12.8,8.23948
1747308305,12.7,8.23948
1747308306,9.1,8.23814
1747308306,8.7,8.23814
1747308306,9.2,8.23814
1747308306,7.9,8.23814
1747308306,5.4,8.23814
1747308306,5.4,8.23814
1747308306,3.9,8.23197
1747308306,4.4,8.23197
1747308306,4.8,8.23197
1747308306,3,8.23197
1747308306,7.1,8.23809
1747308306,5.3,8.23809
1747308306,7.1,8.23809
1747308306,5.4,8.23809
1747308306,8.3,8.23963
1747308306,9.3,8.23963
1747308306,9.2,8.24269
1747308306,9.9,8.24269
1747308306,8.6,8.24269
1747308306,8.6,8.24269
1747308306,11.3,8.24269
1747308306,8.6,8.24269
1747308306,9.4,8.24575
1747308307,12.1,8.25035
1747308307,11.2,8.25035
1747308307,11.2,8.25035
1747308307,8.7,8.24881
1747308307,9.6,8.2472
1747308307,9.5,8.2472
1747308307,8.7,8.2472
1747308307,5.3,8.24416
1747308307,5.3,8.24416
1747308307,5.7,8.24413
1747308307,3.9,8.24252
1747308307,3.9,8.24252
1747308307,3.9,8.2409
1747308307,6.2,8.23951
1747308307,6.2,8.23951
1747308307,6.2,8.23951
1747308307,6.2,8.23951
1747308307,9.2,8.23938
1747308307,9.1,8.23784
1747308307,10,8.2409
1747308308,9.9,8.24411
1747308308,10.6,8.24411
1747308308,8.5,8.24411
1747308308,8.5,8.24717
1747308308,8.9,8.24717
1747308308,8.9,8.24717
1747308308,10.4,8.24871
1747308308,10.9,8.24871
1747308308,10.8,8.24551
1747308308,9.1,8.25023
1747308308,9.1,8.25023
1747308308,8.3,8.25023
1747308308,9.2,8.25023
1747308308,6.2,8.24869
1747308308,6.2,8.24869
1747308308,4.9,8.24707
1747308308,3.5,8.24707
1747308308,3.5,8.24707
1747308308,3.9,8.24548
1747308308,3.5,8.2456
1747308308,3.5,8.2456
1747308308,3.5,8.2456
1747308308,5.4,8.2456
1747308309,7.8,8.24869
1747308309,5.9,8.24869
1747308309,6,8.24869
1747308309,10.8,8.25172
1747308309,9,8.25172
1747308309,10.4,8.25172
1747308309,9,8.25172
1747308309,10.2,8.25172
1747308309,8.4,8.25172
1747308309,12.2,8.25481
1747308309,10.4,8.25481
1747308309,11.3,8.25481
1747308309,9.1,8.25327
1747308309,9.1,8.25327
1747308309,9.1,8.25327
1747308309,9.2,8.25327
1747308309,7.2,8.25789
1747308309,7.2,8.25789
1747308309,7.1,8.24844
1747308309,5.8,8.25011
1747308309,7.1,8.24844
1747308309,7.1,8.24857
1747308310,4.9,8.25013
1747308310,4.9,8.25013
1747308310,5.8,8.25013
1747308310,4.9,8.25013
1747308310,9.2,8.24551
1747308310,9.2,8.24551
1747308310,9.1,8.24551
1747308310,12.3,8.25307
1747308310,12.3,8.25307
1747308310,12.3,8.25307
1747308310,12.3,8.25616
1747308310,12.3,8.25456
1747308310,12.2,8.25456
1747308310,12.5,8.25307
1747308310,12.6,8.25307
1747308310,12.5,8.25307
1747308310,9.5,8.24852
1747308310,9.5,8.24852
1747308310,9.6,8.24852
1747308310,10.9,8.24852
1747308310,6.8,8.24695
1747308310,6.8,8.24695
1747308311,4.4,8.24377
1747308311,3.5,8.24377
1747308311,4.4,8.24377
1747308311,3.5,8.24377
1747308311,3.9,8.23921
1747308311,3.9,8.23921
1747308311,3,8.23921
1747308311,3,8.23921
1747308311,10.8,8.24538
1747308311,9.1,8.24538
1747308311,10.8,8.24538
1747308311,12.7,8.25153
1747308311,12.7,8.25153
1747308311,12.7,8.25153
1747308311,14.2,8.25153
1747308311,12.9,8.25153
1747308311,13,8.25153
1747308311,11.7,8.2483
1747308311,11.6,8.2483
1747308311,11.6,8.2483
1747308311,7.8,8.24382
1747308311,8.7,8.24382
1747308311,8.7,8.24382
1747308311,6.4,8.24227
1747308312,8.1,8.24073
1747308312,8.2,8.24073
1747308312,5.4,8.23907
1747308312,5.4,8.23907
1747308312,5.4,8.23745
1747308312,5.4,8.23745
1747308312,3.9,8.23762
1747308312,4.8,8.23762
1747308312,3.9,8.23762
1747308312,4.8,8.23762
1747308312,7.3,8.24225
1747308312,7.3,8.24225
1747308312,7.3,8.24225
1747308312,11.8,8.25601
1747308312,13,8.25601
1747308312,13,8.25601
1747308312,12.5,8.25601
1747308312,11.2,8.25601
1747308312,12.9,8.25601
1747308313,11.8,8.24318
1747308313,11.8,8.24318
1747308313,11.7,8.24318
1747308313,7.5,8.242
1747308313,8.3,8.242
1747308313,7.4,8.242
1747308313,6.4,8.242
1747308313,4.5,8.24193
1747308313,4.5,8.24193
1747308313,5.4,8.23892
1747308313,5.4,8.23892
1747308313,5.4,8.23892
1747308313,5.4,8.23892
1747308313,4.4,8.23275
1747308313,4.4,8.23275
1747308313,4.4,8.23275
1747308313,4.4,8.23275
1747308313,6.4,8.24196
1747308313,8.2,8.24196
1747308313,8.1,8.24196
1747308314,12.6,8.24509
1747308314,10,8.24509
1747308314,13.8,8.24509
1747308314,10,8.24509
1747308314,11.3,8.24509
1747308314,12.4,8.24509
1747308314,11.3,8.24039
1747308314,11.7,8.24039
1747308314,12.9,8.23118
1747308314,8.3,8.22643
1747308314,8.2,8.22643
1747308314,9.5,8.2187
1747308314,7,8.2187
1747308314,9.1,8.21879
1747308314,9.9,8.21879
1747308314,5.3,8.22188
1747308314,5.3,8.22188
1747308314,5.3,8.22188
1747308314,5.8,8.22188
1747308314,3,8.22185
1747308314,3,8.22185
1747308314,3.4,8.22185
1747308314,3,8.22185
1747308315,5.4,8.22031
1747308315,5.9,8.22031
1747308315,4,8.22031
1747308315,11.6,8.22491
1747308315,11.7,8.228
1747308315,10.7,8.228
1747308315,10.7,8.228
1747308315,10.3,8.228
1747308315,10.2,8.228
1747308315,10.4,8.23414
1747308315,10.5,8.23414
1747308315,10.4,8.23414
1747308315,7.8,8.23106
1747308315,8.7,8.23106
1747308315,7,8.23106
1747308315,7.4,8.23106
1747308315,5.5,8.23106
1747308315,6.4,8.23106
1747308315,5.4,8.22335
1747308315,4.5,8.22335
1747308315,4.5,8.22335
1747308315,4.4,8.22335
1747308316,3.5,8.2233
1747308316,3.5,8.2233
1747308316,3.4,8.2233
1747308316,4.4,8.22176
1747308316,6.7,8.22176
1747308316,6.7,8.22176
1747308316,7.2,8.22176
1747308316,9.9,8.23096
1747308316,9.9,8.23096
1747308316,11.5,8.23096
1747308316,9.5,8.23096
1747308316,11.2,8.23096
1747308316,10.2,8.22935
1747308316,10.4,8.22785
1747308316,10.8,8.22785
1747308316,11.9,8.22785
1747308316,7.5,8.22303
1747308316,7.5,8.22303
1747308316,8.8,8.22146
1747308316,8.7,8.22146
1747308316,7.9,8.22012
1747308316,9.2,8.2185
1747308317,5.4,8.22009
1747308317,4.9,8.21686
1747308317,4.9,8.21686
1747308317,6.2,8.21686
1747308317,5.7,8.22002
1747308317,5.7,8.22002
1747308317,5.7,8.22002
1747308317,3.9,8.22002
1747308317,4.4,8.21847
1747308317,4.4,8.21847
1747308317,7.2,8.22154
1747308317,9.9,8.2246
1747308317,9.9,8.2246
1747308317,11.5,8.2246
1747308317,11.5,8.2246
1747308317,11.5,8.2246
1747308317,10.1,8.2246
1747308317,12.3,8.22766
1747308317,12.4,8.22766
1747308317,10.2,8.22766
1747308317,7.9,8.22611
1747308317,8.3,8.22766
1747308317,7.5,8.22766
1747308317,8.3,8.22766
1747308318,6.4,8.22457
1747308318,6.4,8.22457
1747308318,5.8,8.22452
1747308318,5.8,8.22452
1747308318,5.8,8.22452
1747308318,5.8,8.22599
1747308318,5.7,8.21982
1747308318,3.4,8.21982
1747308318,3.4,8.21982
1747308318,5.7,8.21982
1747308318,6.2,8.21835
1747308318,5.4,8.21835
1747308318,5.4,8.21835
1747308318,9.9,8.22599
1747308318,10.2,8.22599
1747308318,10.2,8.22599
1747308318,10.2,8.22599
1747308318,9.9,8.22599
1747308318,7.5,8.22599
1747308318,11.2,8.22753
1747308318,12,8.22271
1747308318,10.8,8.22271
1747308319,10,8.21821
1747308319,9.3,8.21821
1747308319,9.2,8.21821
1747308319,8.4,8.21821
1747308319,6.8,8.21967
1747308319,6.3,8.21967
1747308319,5.3,8.22276
1747308319,5.3,8.22276
1747308319,3.9,8.22276
1747308319,5.3,8.22276
1747308319,6.2,8.22256
1747308319,4.4,8.22256
1747308319,6.2,8.22256
1747308319,6.2,8.22256
1747308319,5.3,8.22117
1747308319,5.3,8.22117
1747308319,5.3,8.22117
1747308319,11.5,8.22731
1747308319,10.7,8.22398
1747308319,10.6,8.22239
1747308319,11.8,8.22408
1747308319,10.6,8.22408
1747308319,8.4,8.22408
1747308320,10.9,8.21958
1747308320,10.6,8.21958
1747308320,10.7,8.21958
1747308320,7.4,8.21639
1747308320,7.4,8.21639
1747308320,7.4,8.21639
1747308320,8.7,8.20525
1747308320,5.4,8.20719
1747308320,5.4,8.20719
1747308320,3.4,8.20564
1747308320,3.4,8.20564
1747308320,3.4,8.20564
1747308320,5,8.20709
1747308320,4.9,8.20562
1747308320,4.9,8.20562
1747308320,4.9,8.20562
1747308320,4.9,8.20562
1747308320,4.4,8.20239
1747308320,5.4,8.20239
1747308320,4.4,8.20239
1747308321,10.7,8.2102
1747308321,11.6,8.21328
1747308321,11.5,8.21328
1747308321,9.8,8.21328
1747308321,9.3,8.21328
1747308321,11,8.21328
1747308321,10.2,8.2148
1747308321,10.2,8.2148
1747308321,10,8.2148
1747308321,7.4,8.2148
1747308321,7.4,8.2148
1747308321,7.4,8.2148
1747308321,8.4,8.2148
1747308321,4.4,8.21324
1747308321,4.4,8.21324
1747308321,3.9,8.20861
1747308321,3.9,8.20861
1747308321,5.3,8.20861
1747308321,4.9,8.20861
1747308321,3.9,8.21015
1747308321,3.9,8.21015
1747308321,3.9,8.21015
1747308321,3.9,8.21015
1747308322,4.9,8.21015
1747308322,4.9,8.21015
1747308322,4.5,8.21015
1747308322,9.8,8.2163
1747308322,9,8.2163
1747308322,8.5,8.2163
1747308322,8.5,8.2163
1747308322,8,8.2163
1747308322,8.8,8.2163
1747308322,10.6,8.21784
1747308322,10.4,8.21784
1747308322,10.5,8.21622
1747308322,7.4,8.21938
1747308322,7.4,8.21938
1747308322,6.5,8.21938
1747308322,8.7,8.21776
1747308322,4.9,8.2163
1747308322,4.9,8.2163
1747308322,3.9,8.2163
1747308322,3.9,8.2163
1747308322,4.4,8.2163
1747308322,4.9,8.2163
1747308323,4.4,8.21784
1747308323,4.4,8.21784
1747308323,4.4,8.21784
1747308323,4.4,8.21784
1747308323,3.5,8.21784
1747308323,3.4,8.21784
1747308323,4.9,8.21784
1747308323,9.5,8.22239
1747308323,8.9,8.22239
1747308323,8.9,8.22239
1747308323,10.6,8.22239
1747308323,7.5,8.22239
1747308323,9.3,8.22239
1747308323,10.1,8.22085
1747308323,10.2,8.22085
1747308323,9.6,8.22239
1747308323,7.4,8.21764
1747308323,7.4,8.21764
1747308323,8.7,8.21764
1747308323,8.3,8.21764
1747308323,4.9,8.21622
1747308323,4.9,8.21622
1747308324,3.9,8.21622
1747308324,3,8.21622
1747308324,3.9,8.21622
1747308324,4.4,8.21622
1747308324,3.9,8.21774
1747308324,3.9,8.21774
1747308324,3.9,8.21774
1747308324,3.9,8.21774
1747308324,3.4,8.21774
1747308324,3.4,8.21774
1747308324,4.4,8.21774
1747308324,9.9,8.22386
1747308324,9.4,8.22386
1747308324,9.4,8.22386
1747308324,9.4,8.22386
1747308324,9.4,8.22386
1747308324,9.3,8.22386
1747308324,10.9,8.23003
1747308324,11,8.23003
1747308324,11.5,8.23003
1747308325,8.3,8.22991
1747308325,8.3,8.22991
1747308325,8.3,8.22991
1747308325,9.1,8.22991
1747308325,4.9,8.23003
1747308325,4.9,8.23003
1747308325,4.9,8.23003
1747308325,3,8.23003
1747308325,5.3,8.23003
1747308325,8.1,8.23003
1747308325,4,8.22849
1747308325,4.4,8.22849
1747308325,4.4,8.22849
1747308325,4.4,8.22849
1747308325,2,8.22386
1747308325,3,8.22386
1747308325,4.9,8.22386
1747308325,10.1,8.2315
1747308325,10.6,8.23459
1747308325,8.4,8.23459
1747308325,9.7,8.23459
1747308325,9.7,8.23459
1747308325,10.6,8.23459
1747308326,11.3,8.23767
1747308326,11.3,8.23767
1747308326,12.9,8.24073
1747308326,10.4,8.23598
1747308326,10.5,8.23598
1747308326,9.2,8.23598
1747308326,9.6,8.23598
1747308326,4.9,8.2329
1747308326,4.9,8.2329
1747308326,4.9,8.23143
1747308326,4.9,8.23143
1747308326,3,8.23143
1747308326,6.4,8.23143
1747308326,7.1,8.23757
1747308326,7.1,8.23757
1747308326,5.3,8.23757
1747308326,5.3,8.23757
1747308326,3.4,8.23295
1747308326,3.4,8.23295
1747308326,3.5,8.23133
1747308327,8.9,8.23757
1747308327,7.5,8.23757
1747308327,7.5,8.23757
1747308327,9.3,8.23757
1747308327,8.4,8.23757
1747308327,8.9,8.23757
1747308327,11.2,8.24218
1747308327,11.3,8.24218
1747308327,12.4,8.24218
1747308327,7.4,8.24218
1747308327,7.4,8.24218
1747308327,8.7,8.24218
1747308327,8.7,8.24218
1747308327,5.4,8.23909
1747308327,5.4,8.23909
1747308327,5.3,8.23909
1747308327,5.3,8.23909
1747308327,5.3,8.23909
1747308327,6.3,8.23588
1747308327,4.4,8.2375
1747308327,5.3,8.2375
1747308327,5.3,8.2375
1747308327,5.3,8.2375
1747308328,3.8,8.23596
1747308328,3.4,8.23596
1747308328,4.4,8.23596
1747308328,8.9,8.2375
1747308328,8.8,8.2375
1747308328,9.7,8.2375
1747308328,9.3,8.2375
1747308328,9.3,8.2375
1747308328,9.3,8.2375
1747308328,13.5,8.24058
1747308328,13.5,8.24058
1747308328,13.4,8.24058
1747308328,8.7,8.24519
1747308328,7.8,8.24519
1747308328,8.7,8.24519
1747308328,8.6,8.24519
1747308328,6.3,8.24056
1747308328,6.3,8.24056
1747308328,5.8,8.23593
1747308328,4.4,8.23593
1747308328,5.8,8.23593
1747308328,4.4,8.23591
1747308329,4.4,8.23282
1747308329,4.4,8.23282
1747308329,4.4,8.23282
1747308329,4.4,8.23121
1747308329,2.9,8.2328
1747308329,2,8.2328
1747308329,2.9,8.2328
1747308329,8.5,8.23738
1747308329,8.5,8.23738
1747308329,8.5,8.23738
1747308329,8.5,8.23738
1747308329,9.3,8.23738
1747308329,9.3,8.23738
1747308329,12.1,8.23892
1747308329,12.3,8.23892
1747308329,13,8.23892
1747308329,7,8.24046
1747308329,7,8.24046
1747308329,7,8.24046
1747308329,8.3,8.23885
1747308329,4.4,8.23738
1747308329,4.4,8.23738
1747308330,3.9,8.23738
1747308330,3.9,8.23738
1747308330,4,8.23738
1747308330,5.3,8.23882
1747308330,5.3,8.23735
1747308330,5.3,8.23735
1747308330,5.3,8.23574
1747308330,5.3,8.23735
1747308330,4.3,8.23272
1747308330,3.4,8.23272
1747308330,3.4,8.23272
1747308330,7.5,8.2327
1747308330,7.5,8.2327
1747308330,7.5,8.2327
1747308330,7.5,8.2327
1747308330,8.4,8.2327
1747308330,8.4,8.2327
1747308330,11.3,8.2373
1747308330,11,8.2373
1747308330,10.6,8.2373
1747308330,6.9,8.23885
1747308330,7,8.23885
1747308330,6.9,8.23885
